4934 6526
1178 480 1391 544 -ςς,

588 673 759 756 Dionysius

343 798 451 862 Etiam
461 798 792 882 sanctusPolycarpus
804 846 875 862 ......
887 795 1042 880 Smyrnae
1055 857 1057 868 ,
1070 813 1104 865 Η.
1123 818 1201 868 218³.

299 909 331 968 et
353 903 474 990 Papius
495 906 663 989 episcopus
678 903 839 968 Tubbolae
848 901 873 990 1)
894 875 1058 986 discipuli}

298 1010 430 1075 loannis
463 1011 605 1094 apostoli
642 1013 676 1075 in
714 1034 751 1076 aa
788 994 1057 1096 (persecutionell

298 1122 435 1182 mortem
458 1119 611 1202 martyris
634 1118 791 1182 obierunt.

343 1225 528 1308 Eodemque
552 1246 636 1289 anno
660 1225 730 1289 lues
755 1223 862 1308 gravis
887 1244 924 1286 ac
947 1222 1041 1285 vehe-
1069 1221 1102 1276 H·
1122 1226 1199 1277 2184.

191 1348 268 1396 1³·158.
298 1352 388 1395 mens
417 1332 556 1415 perdidit
582 1336 686 1397 bolam
716 1327 857 1395 terram*
881 1333 914 1393 eb
940 1351 1040 1413 usque

298 1435 434 1501 Romam
453 1438 609 1522 pervenit.
642 1437 856 1501 Alexandriae
875 1457 949 1499 vero
977 1436 1040 1517 epi·
1067 1434 1101 1490 H·
1122 1440 1198 1491 2182Ι

298 1564 414 1626 scopus
448 1549 517 1608 erat
549 1546 749 1630 Agrippinus
780 1546 812 1606 et
844 1542 877 1606 in
906 1542 1040 1605 ecclesia

297 1648 444 1713 Romana
480 1647 607 1737 Soter²)
646 1673 703 1733 per
739 1648 819 1712 VIII
861 1669 962 1712 annos
1007 1651 1041 1711 et
1067 1649 1099 1701 H·
1120 1653 1198 1704 2186.

298 1755 488 1821 Antioohiae
499 1762 568 1822 erat
579 1756 634 1820 Vl.
650 1757 818 1840 episcopus
830 1754 1039 1838 Theophilus,
1066 1756 1100 1809 H·
1119 1760 1198 1810 2185.

297 1862 385 1926 cuius
418 1863 493 1927 libri
526 1863 644 1928 diversi
681 1865 816 1926 exstant.
860 1860 932 1926 Hoc
963 1883 1038 1925 vero

281 1970 440 2053 iiempore
451 1969 628 2034 floruerunt
639 1970 672 2034 hi
688 1969 831 2053 episcopi
842 1969 875 2032 in
889 1968 1037 2032 ecclesia:

296 2072 389 2139 Soter
417 2076 786 2164 Romae,1Agrippinus
816 2073 1039 2157 Alexandriae,

295 2180 1038 2265 TheophilusAnlioohiae,DionysiusCorinthi,
1066 2179 1099 2231 H·
1119 2183 1196 2232 2187·

280 2288 515 2372 )Αμολίίι]ετίοε
534 2288 710 2372 Hierapoli.
755 2288 817 2353 Hic
837 2293 949 2352 contra
967 2309 1035 2372 pro·
1066 2285 1100 2339 H·
1119 2289 1197 2341 2186.

281 2376 407 2467 lfebiam
430 2395 579 2460 fallacem
604 2395 766 2480 Phrygum
793 2395 931 2458 surrexit
947 2417 1035 2480 eam-

280 2500 356 2619 {que
388 2502 514 2586 repulit.
560 2501 693 2566 Melilon
722 2501 819 2565 Asiae
852 2501 1035 2586 (episcopus

280 2606 386 2695 erat).

339 2929 433 2992 Anno
488 2926 785 2993 MMCLXXXVIII
840 2925 1034 3014 Antonius⁸)
1063 2924 1096 2980 H·
1116 2930 1193 2980 2189.

294 3039 448 3118 perpetuo
485 3040 596 3100 contra
633 3036 834 3100 adversarios
878 3057 953 3100 suos
995 3034 1035 3098 ad

293 3142 502 3227 pugnandum
531 3166 602 3208 cum
630 3143 695 3207 illis
723 3148 855 3228 parabus
885 3148 966 3227 erat,
999 3165 1034 3208 ac

292 3251 362 3313 lum
385 3250 454 3332 ipse
478 3250 517 3314 ad
541 3272 665 3336 pugnas
690 3252 824 3316 accessit
846 3254 915 3314 lum
939 3250 1033 3314 duces

293 3356 451 3420 bellorum
466 3357 563 3421 misit.
595 3357 699 3432 Quum
714 3356 866 3420 Pertinax
886 3359 917 3418 el
936 3355 959 3419 ii
979 3356 1034 3440 qui

293 3483 363 3526 cum
392 3463 448 3527 illo
478 3466 570 3526 erant
598 3463 682 3547 apud
707 3462 836 3539 Quados
864 3463 919 3527 sili
944 3486 1033 3527 vexa·

293 3573 412 3653 rentur,
435 3569 538 3633 imber
561 3570 599 3633 de
628 3570 716 3633 coelo
740 3569 805 3633 illis
830 3570 975 3653 contigit,
1003 3574 1035 3632 el

293 3677 326 3740 in
342 3674 519 3740 Germanos
539 3679 571 3740 el
587 3674 761 3759 Sarmatos,
781 3662 835 3759 qui
850 3679 961 3739 contra
980 3697 1034 3738 eos

293 3783 414 3867 egressi
456 3786 560 3864 erant,
601 3782 739 3845 fulmina
778 3781 960 3845 inciderunt
1002 3786 1034 3845 et

293 3890 414 3954 mullos
461 3911 498 3954 ex
545 3888 609 3952 illis
655 3888 869 3972 perdiderunt.
915 3886 1035 3952 Dicunt

293 4019 418 4081 quoque
427 3996 535 4060 literas
544 3995 645 4060 Marci
653 3993 771 4080 regis⁴)
783 3995 903 4078 adesse,
916 3996 1033 4080 quibus

292 4103 346 4166 ille
370 4108 508 4168 testatur
530 4105 595 4167 iam
620 4103 792 4166 exercitum
815 4102 848 4164 in
871 4123 908 4165 eo
932 4103 1031 4166 fuisse

292 4214 328 4274 ut
356 4210 410 4275 siti
437 4209 570 4292 periret,
597 4209 652 4272 sed
680 4229 751 4271 eum
776 4206 1033 4272 Christianorum

291 4317 439 4399 precibus
459 4318 623 4380 servatum
645 4336 724 4398 esse,
747 4336 844 4399 quum
868 4313 971 4377 imber
994 4314 1032 4378 de

292 4424 380 4489 coelo
405 4421 584 4511 (venissel).

336 4532 432 4594 Anno
460 4525 648 4592 MMOXCII
681 4527 848 4612 episcopus
881 4527 1033 4592 ecclesiae
1061 4521 1093 4576 H·
1114 4528 1193 4578 2193.

292 4635 456 4699 Romanae
489 4640 559 4698 erat
589 4634 782 4698 Eleutheros
815 4633 1030 4720 (ministrans)

291 4739 353 4804 XV
385 4762 500 4824 annos,
533 4746 566 4804 eb
597 4742 629 4804 in
664 4741 798 4806 ecclesia
828 4742 1030 4806 Antiocheno

291 4845 459 4910 Maximus.

336 4955 431 5017 Anno
455 4951 656 5019 MMOXCIV
680 4957 749 5017 erat
771 4952 902 5039 (terrae)
925 4958 1032 5019 molus
1062 4950 1094 5003 Η·
1114 4954 1190 5003 2195.

183 5075 260 5126 nrm.
291 5062 323 5122 ot
351 5056 491 5143 Smyrna
519 5058 624 5144 (urbs)
655 5060 752 5124 Asiae
784 5059 958 5143 concidit3*
991 5066 1031 5141 et,

291 5170 327 5230 ut
349 5165 453 5230 denuo
477 5167 705 5245 aedificaretur,
729 5188 786 5249 per
805 5165 912 5230 decem
929 5188 1030 5231 annos

275 5223 309 5352 la
332 5273 461 5338 bibulis
484 5274 621 5338 liberata
644 5278 700 5338 est.

1066 2374 1218 2428 AF.a1en

1056 669 1059 745 l
1096 684 1121 725 a.
1141 669 1253 727 Hieron.
1311 686 1336 727 a.
1356 685 1430 727 rens.
1447 671 1522 727 Arm.

1377 819 1455 869 2183.

1377 2293 1446 2341 2187

1316 2359 1360 2427 (==
1382 2364 1412 2412 11
1432 2358 1509 2430 Ver.)

1375 2932 1445 2983 2188

1313 3001 1360 3068 (==
1381 3006 1412 3054 12
1433 3000 1507 3070 Ver.)

1371 4529 1440 4579 2189

1310 4598 1355 4667 (=
1375 4600 1408 4651 13
1428 4594 1504 4664 Ver.)

1367 4744 1445 4792 2193.

1366 4953 1445 5007 2196.

1835 672 1989 739 Eusebius

1641 794 1737 879 Sync.
1748 798 1822 881 664,
1833 799 1883 862 20.
1904 761 2126 879 Πολύκαρπός
2144 792 2162 861 ὁ
2178 792 2272 880 ίερῶ-

1551 925 1646 978 τατος
1662 900 1820 988 Σμύρνης
1839 904 2014 981 ἐπίσκοπος
2031 906 2075 992 τῶ
2095 897 2178 986 ὑπὲρ
2194 909 2270 985 Χρι·

1551 1011 1632 1074 στοῦ
1647 1014 1815 1098 μαρτυρίῳ
1832 1006 2007 1094 ἐτελειώθη
2024 1010 2173 1093 διωγμοῦ
2188 1005 2271 1074 κατὰ

1549 1113 1611 1199 τὴν
1632 1112 1744 1181 Ἀσίαν
1769 1112 1954 1199 γεγονότος.

1596 1222 1689 1307 Sync.
1699 1225 1772 1306 665,
1783 1225 1812 1288 6.
1833 1222 2011 1307 Λοιμῶδης
2029 1248 2063 1287 τε
2083 1218 2184 1300 νόσος
2203 1222 2270 1287 ἐπι-

1549 1326 1739 1413 κρατήσασα
1763 1328 1857 1414 μέχρι
1875 1323 2002 1412 Ῥῶμης
2025 1333 2164 1412 ἔφθασε.

1595 1435 1688 1521 Sync.
1713 1439 1790 1519 665,
1815 1439 1867 1501 20.
1895 1430 2067 1517 Ῥωμαίων
2101 1437 2147 1500 ἐπ.
2182 1432 2269 1519 <ιβ’)

1550 1539 1743 1629 Σωτήριχος
1757 1545 1812 1625 ἔτη
1827 1539 1870 1607 θ’.
1902 1536 2100 1626 Ἀντιοχείας
2115 1542 2207 1620 ἕκτος
2222 1543 2269 1607 ε’π.

1549 1646 1713 1734 Θεόφιλος
1735 1651 1789 1731 ἔτη
1815 1646 1864 1731 ιγ’.

1593 2179 1685 2265 Sync.
1702 2182 1775 2263 665,
1790 2182 1819 2246 9.
1836 2175 2087 2261 Ἀπολλιναίριος
2106 2180 2152 2246 ἐπ.
2168 2175 2268 2265 Ἱερα-

1546 2285 1673 2366 πόλεως
1696 2290 1753 2371 τῆς
1777 2287 1813 2352 ἐν
1834 2281 1939 2373 Ἀσίᾳ,
1968 2282 2058 2371 ίερός
2080 2282 2182 2369 ἀνὴρ,
2210 2283 2267 2370 ἥκ-

1547 2399 1624 2478 μαζε
1651 2393 1707 2458 καὶ
1731 2397 1887 2460 Μελίτων
1911 2394 2115 2478 Σαρδιανῶν
2140 2392 2186 2457 ἐπ.
2210 2394 2268 2476 τῆς

1548 2503 1683 2578 Λυδίας.
1730 2500 1979 2585 Syn0.665,13.
2009 2496 2193 2576 Διονύσιος
2219 2500 2235 2565 ί
2259 2550 2266 2564 .

1547 2611 1734 2690 Κορίνθου,
1748 2601 1835 2691 ίερδς
1846 2601 1941 2690 ἀνὴρ,
1952 2607 2152 2690 ἐγνωρίζετο.
2172 2605 2268 2691 Sync.

1547 2715 1625 2798 666,
1645 2716 1673 2779 6.
1701 2711 1782 2778 κατὰ
1812 2710 1948 2795 Φρύγας
1976 2712 2116 2796 συνέστη
2145 2714 2266 2790 ψευδο·

1546 2824 1721 2905 προφητία.
1768 2818 1838 2906 (cfr.
1852 2821 1929 2885 llus.
1943 2818 1984 2884 H.
1999 2820 2035 2884 E.
2051 2820 2107 2904 IV,
2122 2821 2188 2908 21.)

1591 2921 2264 3011 ΟΙιτ.Ρ.486,19.Ἀντωνίνοςαύτοαράτωρ

1544 3035 1676 3110 πυκνῶς
1702 3044 1773 3109 τοῖς
1799 3037 1969 3118 πολεμίοις
1996 3031 2139 3099 ἐπέκειτο
2164 3028 2266 3111 αὐτός

1543 3164 1577 3204 τε
1610 3138 1726 3224 πειρῶν
1757 3137 1812 3205 καὶ
1845 3137 1923 3219 τοὺς
1950 3138 2158 3225 πολεμόρχας
2184 3135 2263 3205 ἄπο·

1544 3252 1697 3312 στέλλων.
1742 3245 1796 3312 καὶ
1822 3251 2003 3329 Περτίνακι
2029 3247 2083 3313 καί
2106 3259 2176 3324 τοῖς
2199 3243 2265 3313 σὺν

1543 3350 1631 3443 αὐτῷ
1658 3355 1746 3431 δίψει
1771 3355 1974 3438 πιεζομένοις
1997 3350 2121 3438 ὄμβρος
2145 3355 2178 3420 ἐκ
2201 3357 2264 3421 τοῦ

1542 3464 1628 3527 θεοῦ
1648 3461 1787 3545 ἐγένετο,
1809 3459 1864 3526 καὶ
1883 3474 1952 3539 τοῖς
1971 3458 2265 3546 ἀντιτασσομένοις

1543 3573 1574 3634 Γ
1571 3579 1762 3652 ερμανικοῖς
1798 3566 1853 3632 καὶ
1889 3567 2082 3651 Σαρμάταις
2121 3563 2264 3651 σκηπτὸς

1543 3677 1674 3758 ἔπεσεν,
1696 3672 1843 3751 πολλούς
1865 3699 1899 3739 τε
1923 3671 2035 3739 αὐτῶν
2059 3675 2263 3759 διέφθειρεν.
2330 3705 2341 3732 ·

1542 3780 1668 3865 λέγεται
1693 3778 1730 3847 δὲ
1757 3776 1800 3857 ῶς
1830 3778 1884 3845 καί
1910 3780 2077 3846 ἐπιστολαί
2101 3782 2262 3866 φέρονται

1544 3888 1688 3974 Μάρκου
1706 3889 1766 3954 τοῦ
1785 3886 1955 3970 βασιλέως,
1976 3886 2012 3952 ἐν
2032 3880 2084 3966 αίς
2102 3899 2265 3973 μαρτυρεῖ

1542 3997 1704 4080 μέλλοντα
1731 3990 1791 4060 τὸν
1815 3989 1958 4077 στρατὸν
1982 3990 2086 4059 αὐτοῦ
2111 3997 2262 4079 διαφθεί-

1542 4110 1662 4187 ρεσθαι
1698 4114 1769 4179 ταῖς
1803 4102 1871 4167 τῶν
1907 4101 2118 4185 Χριστιανῶν
2151 4097 2263 4184 εὐχαῖς
2305 4132 2310 4141 =

1542 4211 1777 4276 διασεσῶσθαι.
1898 4197 1900 4203 ’

1586 4520 2261 4611 8γασ.667,10.Ῥωμαίων<ιγ’>ἐπ.Ἐλεα

1541 4634 1656 4717 θίριος
1679 4638 1734 4719 ἔτη
1758 4630 1791 4699 ε’.

1587 4739 1835 4826 Sync.667,11.
1856 4733 2052 4823 Ἀντιοχείας
2073 4737 2096 4818 ζ
2116 4739 2163 4804 ἐπ.
2190 4736 2262 4804 Μαί·

1543 4847 1633 4932 τινος
1657 4850 1711 4929 ειη
1736 4845 1787 4931 ιι.
2061 4925 2065 4934 ,

1586 4953 1683 5038 Sync.
1705 4954 1783 5037 667,
1812 4955 1860 5019 14.
1898 4950 2041 5036 Σμύρνα
2077 4948 2171 5030 πόλις
2202 4953 2262 5034 της

1538 5057 1647 5138 Ἀσίας
1662 5062 1784 5148 σεισμῷ
1799 5055 1992 5141 κατεπτῶθη
2008 5056 2062 5122 καί
2077 5054 2159 5142 πρός
2169 5054 2260 5123 ἀνοι-

1540 5162 1689 5250 κοδομίγν
1713 5163 1834 5249 ἀνείθη
1858 5166 1925 5231 τῶν
1948 5161 2066 5248 φόρων
2090 5167 2144 5248 ἔτη
2170 5160 2199 5229 ί.

371 5504 395 5570 1)
425 5501 457 5558 εί.
482 5521 509 5572 p.
535 5506 584 5555 152
608 5501 655 5558 lin.
680 5507 696 5556 3
720 5505 788 5556 etl
816 5501 863 5555 ubi
892 5501 992 5571 Papias
1019 5500 1165 5571 episcopus
1187 5500 1415 5571 Hieropolitanus
1442 5504 1471 5556 el
1493 5500 1661 5572 Polycarpus
1688 5502 1834 5573 episcopus
1858 5500 1996 5555 Tubbotao
2024 5500 2160 5570 appellati
2187 5503 2256 5554 sunt.

741 5591 769 5658 4)
789 5589 932 5645 callemi
951 5589 1065 5647 Aurelii.

298 5593 324 5659 2)
343 5602 430 5668 ιχααι.
503 5592 529 5658 3)
548 5591 669 5668 mopsi.
