4934 6526
81 4988 108 5028 p.
119 4976 168 5016 16².

477 664 653 749 Dionysius

178 791 278 895 ,alter
307 812 382 854 vero
411 789 506 854 dixit:
536 791 564 855 si
592 813 658 855 non
682 796 732 856 est
755 814 882 875 verum,
909 793 944 857 in

197 899 355 981 morbum,
375 898 429 981 qui
450 898 559 962 sanari
576 920 641 962 non
656 901 773 982 potest,
793 899 944 963 incidam.

197 1003 342 1069 Ultimus
371 1004 470 1068 trium
501 1026 577 1068 vero
602 1004 694 1070 dixit:
723 1005 750 1070 si
774 1029 841 1072 non
864 1007 944 1074 haec

182 1108 247 1193 ,(ιε
276 1109 366 1192 vera)
395 1113 520 1196 aspexi,
549 1112 632 1176 oculi
660 1112 724 1176 mei
748 1115 833 1178 caeci
856 1114 944 1179 fiant.

181 1214 242 1281 {nt
266 1241 364 1302 quum
388 1218 529 1283 dicerent
554 1217 660 1305 (baec)
684 1241 835 1303 procaces
858 1219 944 1308 (illi),

182 1347 293 1435 ,nemo
322 1347 338 1388 e
367 1325 569 1389 credentibus
598 1325 733 1390 credidit
760 1322 855 1410 haec,
888 1330 943 1393 sed

199 1431 282 1496 sicut
299 1430 334 1495 hi
351 1431 388 1494 de
404 1454 437 1496 se
453 1436 635 1496 statuerunt
653 1437 686 1496 et
701 1433 811 1498 eodem
825 1433 942 1518 dolore,

199 1560 293 1622 quem
308 1537 344 1601 hi
359 1539 420 1602 sibi
436 1539 612 1624 elegerunt,
632 1537 708 1626 (ita)
724 1539 893 1605 confestim
912 1547 944 1607 et

199 1647 329 1728 repente
362 1646 396 1708 in
430 1668 484 1711 eos
518 1646 709 1730 supplicium
742 1648 845 1712 irruit.
898 1647 943 1712 Et

200 1750 274 1834 quia
306 1748 477 1816 Narcissus
516 1776 581 1818 non
618 1755 725 1837 potuit
761 1755 942 1820 ministrare

199 1855 320 1943 (sacra)
358 1864 492 1942 propter
525 1861 700 1924 senectutis
738 1862 943 1947 gravitatem,

199 1964 383 2028 Alexandro
421 1966 572 2051 episeopo
607 1965 783 2031 Caesareae
820 1968 942 2032 visione

183 2076 311 2145 ,notum
330 2071 451 2135 factum
475 2076 537 2154 cst,
561 2079 597 2137 ut
620 2073 745 2138 veniret
768 2079 801 2138 et
823 2074 943 2139 viseret

198 2178 270 2243 loca
302 2178 450 2262 gubernii
482 2179 579 2243 illius.
625 2180 670 2244 Et
702 2204 800 2265 quum
828 2181 942 2247 Hiero·

199 2286 357 2368 solymam
391 2287 526 2370 veniret,
553 2286 615 2349 toti
643 2287 795 2352 ecclesiae
822 2291 941 2355 ibidem

200 2388 282 2476 (ille)
302 2393 454 2477 apparuit
472 2390 623 2479 (dicens):
644 2395 737 2477 exite,
756 2397 942 2481 episcopum

199 2499 381 2582 excipiatis,
409 2501 463 2583 qui
491 2523 510 2564 a
538 2500 597 2565 deo
625 2502 715 2566 vobis
739 2503 859 2567 electus
884 2507 942 2568 est

198 2604 717 2691 thuumexiissent,offenderunt
725 2607 941 2673 Alexandrum

198 2711 389 2777 venientem.
443 2713 487 2778 Et
523 2719 599 2779 tunc
637 2716 677 2780 ab
717 2716 876 2799 episcopis
910 2719 943 2778 et

197 2817 353 2883 fratribus
386 2823 419 2883 et
452 2825 521 2884 tota
553 2823 688 2887 ecclesia
719 2823 765 2886 ibi
797 2826 941 2886 retentus

198 2930 260 3008 est,
296 2947 354 2991 nec
388 2949 459 2990 eum
491 2950 602 2992 rursus
636 2928 675 2992 ad
708 2931 815 2994 locum
848 2953 941 2994 suurn

182 1519 185 1561 t

1064 470 1283 534 -69-

1002 675 1027 717 a.
1047 660 1157 718 Hieron.

197 3032 303 3096 redire
331 3035 420 3117 passi
448 3039 537 3118 sunt,
567 3036 621 3100 sed
646 3037 846 3102 ministravit
869 3060 941 3102 curn
1032 3057 1036 3066 ·

197 3137 365 3225 Narcisso,
393 3142 467 3205 durn
491 3143 545 3207 ille
569 3144 721 3228 viveret>

241 4507 335 4592 <Hoc
353 4513 497 4593 tempore
516 4510 615 4575 etiam
634 4509 782 4574 Montani
800 4510 940 4573 haeresis

198 4623 276 4683 erat.
319 4618 404 4684 Urbs
433 4616 589 4700 quasdam
613 4622 684 4681 erat
707 4618 738 4680 in
761 4616 868 4699 Mysia
891 4615 942 4679 cui

199 4748 315 4790 nomen
335 4730 405 4790 erat
418 4723 591 4810 Ardebu¹),
610 4747 649 4788 ex
668 4747 731 4809 qua
750 4724 798 4787 vir
814 4723 940 4806 quidem

198 4829 378 4918 (oriundus)
408 4836 490 4913 erat,
518 4832 571 4916 qui
594 4854 699 4915 nuper
722 4828 941 4915 crediderat2),

198 4941 287 5004 cuius
306 4962 425 5004 nomen
450 4939 542 5003 erat*
563 4938 747 5021 Montanus,
770 4938 860 5002 cuius
888 4959 942 5002 cor

199 5044 311 5111 Satani
320 5047 454 5131 plenum
463 5050 540 5124 erat,
552 5068 650 5129 quum
661 5044 780 5109 diceret
789 5049 821 5108 ct
831 5045 942 5109 vatici-

198 5156 330 5217 naretur
345 5153 443 5216 verba
462 5153 596 5216 insolita
611 5157 643 5216 et
662 5157 773 5215 contra
790 5151 941 5216 ecclesiae

199 5258 431 5344 integritatem.
460 5259 504 5323 Et
519 5260 679 5345 gloriatus
700 5262 749 5321 est
768 5256 941 5322 Montanus

201 5369 233 5429 et
247 5371 358 5430 contra
374 5367 513 5430 animam
531 5388 622 5430 suam
637 5365 766 5430 locutus
782 5370 841 5448 cst,
860 5364 893 5429 in
909 5387 958 5443 se,

271 5597 296 5664 1)
316 5593 401 5663 ωβί.

1214 675 1240 718 a.
1260 676 1335 718 vers.
1350 662 1426 718 Arni.

1736 667 1893 738 Eusebius

1456 791 1553 873 δίκην
1578 784 1736 875 ὑποσχεῖν
1759 787 1910 874 ἁλόντας,
1935 791 1991 859 διά
2015 791 2051 860 τό
2071 798 2174 878 μυρία

1455 893 1538 961 κακὰ
1554 895 1684 977 ἑαυτοῖς
1698 899 1899 984 συνειδέναι,
1919 899 2085 985 συσκευην
2100 897 2170 966 κατ’

1455 998 1559 1069 αὐτοῦ
1592 1002 1816 1089 προλαβόντες
1844 1005 2086 1091 συρράπτουσι,
2119 1012 2177 1073 καί

475 5600 502 5662 2)
521 5594 538 5649 i.
559 5612 581 5647 e.
602 5592 651 5663 qui
669 5611 758 5664 nuper
778 5594 964 5649 Christianam
984 5595 1066 5649 fidem
1085 5592 1229 5662 amplexus
1248 5596 1316 5649 erat.

1453 1134 1528 1176 τινα
1552 1108 1668 1194 δεινὴν
1691 1112 1909 1196 καταχέουσιν
1931 1110 2036 1179 αὐτοῦ
2060 1116 2173 1197 διαβο-

1454 1213 1526 1299 λήν.
1567 1218 1595 1281 5.
1624 1213 1693 1282 εἶτα
1717 1217 1932 1304 πιστούμενοι
1950 1218 2029 1298 τοὺς
2048 1216 2174 1306 άκροω-

1454 1321 1576 1405 μένους
1591 1318 1702 1407 ὅρκοις
1712 1324 1886 1408 ἐβεβαίουν
1896 1323 1954 1404 τάς
1963 1334 2173 1412 κατηγοριάς,

1453 1427 1507 1492 καὶ
1528 1423 1546 1493 δ
1565 1426 1626 1513 μίν
1644 1419 1664 1514 ἦ
1680 1427 1746 1514 μὴν
1761 1428 1919 1497 ἀπόλοιτο
1933 1432 2012 1517 πυρὶ
2028 1430 2173 1518 ὤμνυεν,

1455 1529 1539 1600 δ’δὲ
1567 1525 1587 1618 ἦ
1615 1534 1683 1620 μὴν
1712 1540 1810 1624 σκαιᾷ
1839 1535 1930 1627 νόσφ
1963 1541 2172 1626 δαπανηθείη

1438 1622 1490 1705 ivd
1516 1643 1620 1727 σῶμα,
1645 1638 1663 1708 ό
1688 1641 1725 1708 δέ
1748 1648 1857 1728 τρίτος
1880 1634 1900 1728 ἦ
1925 1643 1991 1730 μὴν
2014 1644 2073 1724 τὰς
2096 1643 2174 1732 ὁρά-

1437 1708 1522 1823 λσεις
1549 1754 1731 1834 πηρωθείη.
1774 1746 1847 1815 ἀλλ’
1874 1747 1949 1817 οὐδ’
1981 1749 2087 1832 οὕτως
2115 1750 2173 1819 αό-

1437 1798 1532 1937 irone,
1556 1860 1672 1938 καίπερ
1697 1851 1871 1940 ὀμνύουσι,
1895 1860 1962 1923 τῶν
1981 1863 2106 1926 πιστῶν
2126 1887 2174 1939 τις

1437 1952 1606 2045 Ιπροσεῖχε
1630 1959 1690 2027 τδν
1714 1965 1898 2029 νοῦν.....
1927 1967 1955 2029 7.
1979 1961 2051 2030 ἀλλ’
2073 2018 2080 2031 .
2100 2019 2107 2031 .
2127 1963 2172 2032 ,ὁ

1453 2069 1510 2151 τῆς
1534 2070 1628 2151 δίκης
1651 2067 1751 2152 μέγας
1775 2065 1950 2154 ὀφθαλμὸς
1965 2125 1972 2138 .
1986 2125 2016 2140 ..
2036 2126 2042 2138 .
2062 2070 2172 2160 μετῄει

1454 2225 1460 2237 .
1485 2224 1493 2239 .
1517 2199 1562 2251 ως
1594 2171 1729 2258 τάχιστα
1759 2173 1837 2253 τοὺς
1865 2173 1994 2261 ἀσεβεῖς
2017 2171 2069 2256 αἷς
2091 2177 2168 2245 καθ’

1436 2268 1439 2431 Ι
1453 2279 1581 2345 ἑαυτῶν
1593 2281 1824 2363 ἐπιορκοῦντες
1834 2282 2057 2367 κατεδήσαντο
2068 2281 2173 2369 άραῖς.

1451 2388 1506 2453 XI.
1539 2385 1594 2451 καί
1624 2384 1665 2471 δὴ
1690 2386 1809 2471 μηκέθ’
1836 2389 1911 2454 οἴου
1934 2414 1967 2454 τε
1992 2386 2090 2467 ὄντος
2112 2396 2173 2457 λει-

1451 2505 1608 2576 τουργεῖν
1632 2490 1688 2559 διὰ
1713 2490 1860 2578 λιπαρόν.
1879 2497 1983 2578 γῆρας
2006 2493 2066 2561 τὸν
2089 2499 2174 2581 εἰρη-

1452 2600 1554 2683 μένον
1584 2596 1816 2684 Ἀλέξανδρον,
1850 2602 2029 2667 ἐπίσκοπον
2062 2601 2174 2686 ἑτέρας

1452 2701 1644 2791 ὑπάρχοντα
1671 2711 1860 2792 παροικίας,
1889 2710 2064 2792 οἰκονομία
2087 2710 2173 2774 θεοῦ

1436 2811 1503 2877 ιέπὶ
1526 2809 1588 2897 τὴν
1610 2808 1678 2896 ἅμα
1696 2816 1741 2901 τῷ
1762 2817 1943 2903 Ναρκισσῷ
1963 2818 2173 2899 λειτουργίαν

1452 2917 1574 2996 ἐκάλει,
1598 2915 1680 2984 κατά
1699 2914 1911 2998 ἀποκάλυψιν
1931 2919 2062 3005 νύκτωρ
2082 2918 2171 3010 αὐτῷ

1436 3016 1496 3139 ,δι’
1519 3019 1687 3108 ὁράματος
1706 3039 1880 3108 φανεῖσαν.
1920 3030 1939 3077 9
2033 3029 2096 3112 τὴν
2115 3051 2172 3094 πο-

1436 3135 1545 3215 Ιρειάν
1565 3129 1617 3196 ἐπὶ
1636 3128 1676 3196 τά
1695 3126 1911 3217 Ἰεροσόλυμα
1928 3187 1934 3199 .
1950 3186 1978 3199 ..
1998 3133 2173 3218 πεποιημέ-

1435 3190 1513 3317 λνου
1547 3237 1836 3322 φιλοφρονέστατα
1870 3241 1905 3304 oi
1939 3243 2015 3326 τῇδε
2052 3235 2173 3305 ὑπολα-

1450 3341 1567 3427 βόντες
1587 3340 1694 3410 οὐκέτ’
1716 3343 1829 3412 οίκάδε
1848 3353 2061 3414 παλινοστεῑν
2081 3343 2171 3436 αὐτῷ

1451 3451 1675 3536 ἐπιτρέπουσι,
1703 3449 1782 3518 καθ’
1813 3453 1928 3538 ἑτέραν
1960 3449 2172 3533 ἀποκάλυψιν

1451 3558 1505 3624 καλ
1529 3554 1642 3637 αὐτοῖς
1665 3557 1796 3644 νύκτωρ
1825 3557 2004 3645 ὀφθεῖσαν,
2033 3565 2114 3645 μίαν
2137 3586 2172 3628 τε

1451 3661 1569 3749 φωνην
1589 3663 1801 3750 σαφεστάτην
1820 3681 1889 3746 τοῖς
1903 3666 2044 3752 μάλιστα
2059 3665 2171 3735 αὐτῶν

1451 3774 1647 3848 σπουδαίοις
1661 3770 1841 3855 χρήσασαν.
1871 3772 1993 3859 ἐδήλου
2008 3772 2071 3858 γὰρ
2091 3798 2170 3859 προ-

1450 3877 1614 3953 ελθόντας
1637 3878 1697 3955 ἔξω
1720 3885 1837 3944 πυλῶν
1854 3878 1914 3945 τόν
1935 3881 1969 3945 ἐκ
1988 3883 2072 3946 θεοῦ
2092 3905 2170 3965 προ-

1451 3983 1638 4069 ωρισμένον
1662 3978 1774 4063 αὐτοῖς
1805 3985 1985 4051 ἐπίσκοπον
2013 3982 2170 4066 ὑποδέξα·

1450 4098 1539 4156 σθαι.
1572 4091 1671 4155 τοῦτο
1695 4087 1731 4155 δὲ
1752 4089 1935 4175 πράξαντες
1953 4089 2032 4176 μετά
2056 4094 2171 4177 κοινῆς

1448 4200 1516 4263 τῶν
1549 4193 1736 4263 ἐπισκόπων
1771 4201 1806 4262 οἳ
1831 4196 1888 4276 τάς
1919 4199 2011 4283 πέριξ
2040 4201 2170 4266 διεῖπον

1433 4305 1636 4463 ηέκκλησίας,
1672 4304 1806 4388 γνώμης
1843 4302 2023 4390 ἐπάναγκες
2064 4302 2168 4372 αὐτὸν

1448 4411 1651 4495 παραμένειν
1674 4408 1874 4493 βιάζονται.)

1434 4514 1437 4569 ἶ
1494 4519 1571 4600 (cfr.
1595 4517 1672 4580 Eus.
1695 4516 1735 4581 H.
1755 4517 1792 4581 Ε.
1812 4517 1851 4598 V,
1873 4518 1921 4598 lo,
1943 4519 1970 4580 ἶ.
2003 4512 2096 4600 κοίμη
2121 4542 2169 4595 τις

1435 4618 1536 4709 Ιεἶναι
1559 4621 1685 4706 λέγεται
1710 4621 1746 4686 ἐν
1769 4646 1808 4707 τη
1832 4618 1913 4685 κατὰ
1933 4619 1994 4704 τὴν
2016 4627 2169 4706 Φρυγίαν

1435 4733 1583 4817 Μυσία,
1607 4727 1795 4810 καλουμένη
1816 4722 1983 4811 Ἀρδαβαύ
2006 4725 2168 4814 τοῦνομα·

1435 4816 1437 4883 i
1450 4839 1535 4901 ἔνθα
1550 4838 1637 4921 φασί
1646 4859 1722 4899 τινα
1736 4836 1804 4900 τῶν
1818 4839 2003 4900 νεοπίσττον
2019 4834 2168 4920 πρώτως,

1451 4939 1634 5008 Μοντανόν
1648 4938 1797 5026 τοῦνομα
1807 4948 1873 5007 κτλ.
1884 4944 2051 5028 sequentia
2066 4945 2167 5008 multo

1449 5050 1623 5134 prolixiora
1642 5051 1725 5134 apud
1745 5050 1922 5114 Eusebium
1942 5054 2052 5114 extant
2072 5072 2168 5134 quam

1450 5157 1483 5219 in
1507 5157 1651 5220 versione
1675 5154 1799 5241 Syria>

1434 5336 1437 5395 i
