4934 6526
1166 450 1384 514 ..78-

276 651 279 757 l
580 645 752 729 Dionysius

277 775 380 869 ,cuius
405 773 574 856 repentino
597 771 664 835 ictu
681 769 871 834 interfectus
891 771 947 833 est.
992 768 1050 889 Et,

277 872 440 966 *regnavit
459 879 591 944 Tacitus
612 900 667 941 sex
686 897 812 941 menses
833 878 866 939 et
880 875 914 938 in
928 873 1034 939 Ponto
1048 894 1050 953 g

293 988 416 1052 occisus
436 991 498 1069 est;
522 991 554 1050 et
574 983 725 1069 regnavit
743 982 915 1046 Plurianus
923 978 948 1066 ¹)
968 962 1051 1119 tres?

277 1118 279 1177 ζ
292 1115 418 1158 menses
429 1097 461 1157 et
470 1090 657 1156 interfectus
668 1093 718 1154 est
730 1090 823 1154 Tarsi
842 1093 875 1151 et
887 1088 1050 1173 regnavit,

277 1182 417 1267 ⁵Probus
440 1198 488 1262 VI
511 1219 614 1262 annos
638 1201 670 1260 et
693 1196 739 1259 lv
763 1217 899 1260 menses.
1048 1178 1051 1215 ¹

336 1306 433 1371 Anno
474 1302 687 1369 MMOCXOII
733 1302 822 1366 Felix
868 1302 1036 1385 episcopus
1064 1299 1096 1353 H·
1118 1304 1196 1353 2294.

277 1414 444 1497 ,ecelesiae
459 1412 625 1477 Romanae
645 1413 714 1474 erat
732 1405 794 1496 (et)
814 1430 871 1490 per
891 1407 921 1469 V
935 1430 1035 1472 annos

293 1517 531 1605 (ministrant).
1048 1534 1051 1585 ι

336 1628 432 1691 Anno
450 1621 714 1690 MMCCXCVIII
738 1625 869 1686 sanctus
894 1618 1036 1704 Cyrillus
1063 1619 1097 1673 H·
1117 1624 1194 1673 2297.

277 1735 462 1819 episcopus
482 1730 675 1796 Antiochiae
699 1732 768 1792 erat
791 1731 824 1791 et
847 1727 880 1790 in
903 1726 1037 1791 ecclesia

277 1812 442 1961 lRomana
470 1839 595 1903 exstitit
613 1829 870 1919 Eutychianusl)
894 1830 956 1920 (et)
979 1855 1037 1917 per
1064 1833 1096 1887 H·
1117 1839 1194 1887 2298.

294 1951 365 2013 octo
390 1967 516 2010 menses
541 1939 780 2030 (ministravit),
809 1944 841 2004 et
865 1943 941 2025 post
963 1962 1037 2004 eum

293 2053 392 2119 Gaius
411 2074 468 2138 per
484 2049 546 2115 XV
566 2071 681 2133 annos3
701 2048 735 2111 in
750 2048 883 2113 eeclesia
897 2047 1035 2111 Alexan·

293 2161 386 2225 drina
410 2158 535 2224 exstitit
558 2159 688 2221 sanctus
706 2154 857 2219 Theonus
877 2152 925 2237 (et
944 2154 1036 2218 mini·
1065 2156 1097 2210 H.
1118 2159 1196 2207 2299·

295 2263 424 2351 stravit)
448 2286 506 2351 per
528 2263 606 2327 XIX
629 2284 740 2326 annos.

339 2374 436 2437 Anno
481 2367 709 2435 MMCCXCIX
757 2367 878 2432 Probus
929 2365 1039 2432 Sirmii
1065 2370 1098 2422 H·
1119 2373 1196 2422 2299.

296 2480 420 2546 occisus
444 2481 494 2542 est
517 2481 550 2541 et
572 2474 721 2561 regnavit
742 2473 843 2539 Carus
867 2498 940 2540 cum
963 2474 1038 2538 filiis

296 2588 362 2652 suis
399 2583 517 2649 Carino
555 2585 588 2646 et
623 2580 821 2646 Numeriano
859 2581 891 2645 II
927 2603 1039 2646 annos.

296 2693 397 2760 Carus
425 2694 573 2756 mortuus
602 2693 652 2752 est
683 2689 717 2752 in
744 2686 981 2771 Mesopotomia
1009 2691 1041 2751 et

296 2798 513 2866 Numerianus
533 2796 573 2860 ab
593 2816 631 2859 eo
650 2795 684 2857 in
698 2793 837 2858 Thracia
855 2782 1057 2891 interfectus}

297 2910 367 2971 erat
399 2907 432 2969 et
460 2901 594 2969 Carinus
626 2900 748 2985 pariter
775 2899 963 2965 interfectus
993 2905 1058 3021 est)

299 3014 333 3076 in
344 3010 467 3095 proelio
483 3006 578 3096 (qno)
594 3030 665 3073 eum
681 3005 826 3072 Gorneae
840 3004 1042 3094 (contendit).

298 3118 343 3182 Et
365 3117 515 3203 regnavit
539 3118 615 3199 post
640 3114 714 3178 illos
738 3114 959 3179 Diocletianus
983 3113 1043 3177 XX
1072 3116 1106 3169 H·
1127 3119 1207 3170 2303.

299 3246 409 3289 annos.
454 3221 499 3286 Et
522 3244 607 3286 anno
631 3221 728 3285 tertio
752 3222 844 3307 regni
869 3222 920 3286 sui
942 3220 1044 3286 Maxi·
1072 3222 1101 3276 F·
1121 3226 1198 3275 2304.

300 3331 424 3396 minum
439 3327 626 3393 Heraclium
645 3329 737 3412 regni
757 3332 939 3392 consortem
959 3326 1044 3393 fecit.

193 3458 270 3509 μιει
343 3438 437 3502 Anno
463 3432 645 3500 MMCCCX
677 3455 812 3520 regnum
847 3434 881 3498 in
914 3435 1045 3520 regione
1073 3436 1106 3491 H.
1126 3441 1203 3491 2306.

302 3543 435 3611 Orontis
443 3539 523 3629 (?)³)
548 3540 690 3607 obtinuit
716 3538 929 3606 Constantius
952 3546 1046 3626 pater

301 3648 509 3715 Constantini
520 3648 630 3732 magni
640 3644 689 3734 (et
697 3644 1046 3733 regnavit)XIIannos.

189 3758 192 3764 '
285 3810 287 3823 .
344 3757 439 3821 Anno
478 3750 711 3819 MMCCCXIII
743 3753 950 3819 Marcellinus
982 3755 1107 3839 epi-ll·
1126 3762 1203 3810 2313.

301 3885 418 3949 scopus
429 3861 581 3927 ecelesiae
591 3861 756 3926 Romanae
771 3865 852 3947 erat3
871 3862 1046 3946 eodemque

301 3992 386 4035 anno
428 3974 516 4034 terra
551 3967 698 4052 Aegypti
735 3967 851 4033 defecit
888 3973 921 4032 et
957 3968 1046 4034 venit
1073 3971 1107 4024 H·
1127 3974 1205 4024 2314.

301 4098 440 4164 magnus
456 4075 615 4140 exercitus
630 4073 849 4140 Romanorum
866 4078 898 4139 et
912 4076 1045 4140 circum·

302 4184 389 4248 dedit
399 4180 540 4261 urbem⁴)
549 4204 682 4266 eamque
691 4181 777 4246 fame
786 4182 950 4247 cruciavit.
961 4181 1045 4265 <Sed

286 4288 457 4375 ,quaedam
494 4310 569 4372 pars
611 4289 784 4353 exercitum
826 4287 1045 4353 Romanorum

286 4374 385 4547 {iuvit
407 4399 439 4460 et
458 4417 529 4461 cum
549 4394 613 4458 illis
632 4399 702 4457 erat
719 4392 888 4477 Eusebius,
908 4395 962 4479 qui
980 4418 1045 4460 non

286 4504 335 4583 ⁴in
363 4503 442 4567 urbe
471 4503 612 4567 inclusus
636 4504 719 4586 erat,
747 4501 802 4566 sed
826 4501 910 4586 apud
934 4502 1046 4567 ducem

287 4610 459 4705 {exercitus
488 4608 624 4674 Romani
653 4608 789 4673 liberam
821 4608 973 4693 loquendi
1003 4608 1047 4671 fa-

287 4715 455 4839 ,cultatem
494 4715 666 4800 acquisivit
698 4720 731 4780 et
762 4737 880 4780 nomen
911 4715 1047 4780 illustris

288 4896 290 4902 ¹
302 4820 363 4883 viri
374 4820 437 4883 sibi
447 4823 587 4904 paravit,
601 4822 772 4886 Anatolius
789 4844 866 4887 vero
877 4822 1046 4906 episcopus
1059 4748 1062 4892 i

287 4922 392 5029 lurbis
426 4928 506 4991 vidit
537 4928 692 5011 populum
725 4927 812 4992 urbis
845 4927 931 4991 fame
958 4950 1046 5011 pere-

288 5058 291 5169 ,
303 5037 413 5097 antem
424 5038 457 5098 et
466 5033 607 5098 Eusebio
618 5035 679 5098 hoc
691 5034 853 5099 indicavit.
885 5032 1046 5098 Eusebius

289 5163 379 5219 ¹vero
399 5141 493 5223 petiit
511 5163 530 5204 a
550 5140 627 5204 duce
643 5141 800 5206 exereitus
816 5141 1046 5224 Romanorum,

288 5234 340 5327 lut
362 5247 427 5311 illis
452 5246 506 5331 qui
530 5247 614 5330 apud
640 5248 745 5332 ipsum
770 5252 862 5313 erant
885 5248 1046 5313 discedere

1298 5092 1302 5161 ι

1298 5180 1301 5289 l

1048 642 1051 751 ρ
1092 657 1117 698 a.
1136 639 1248 698 Hieron.
1305 655 1330 696 a.
1350 654 1423 698 vars.
1439 642 1530 697 Arnai

376 5478 402 5544 1)
421 5475 587 5546 φωλλαδῶ.
642 5480 668 5546 2)
687 5477 795 5553 λωοροί.
860 5478 887 5540 3)
906 5476 982 5555 ψιλ
1011 5475 1145 5548 Tullberg
1162 5477 1225 5532 add.
1246 5496 1272 5547 p.
1292 5483 1325 5532 3⁷
1345 5478 1495 5547 legandum
1513 5480 1608 5533 censet
1626 5477 1724 5554 uisas
1742 5476 1896 5531 Britannia.
1956 5479 1983 5545 4)
2004 5477 2020 5532 i.
2036 5493 2061 5530 e.
2075 5476 2272 5531 Alexandriam

305 5564 339 5620 cf.
358 5564 406 5621 lin.
429 5571 459 5620 17
480 5566 510 5620 Τ.
532 5566 558 5622 S.
1900 5569 1902 5572 ‘

1825 646 1983 714 Eusebius

1588 1299 1682 1384 Sync.
1711 1303 1788 1385 724,
1819 1306 1846 1367 1.
1886 1298 2063 1388 Ῥωμαίων
2092 1299 2185 1388 <κζ’>
2215 1303 2231 1369 ἐ
2255 1353 2264 1369 .

1546 1406 1651 1490 Φῆλιξ
1675 1410 1729 1491 ἔτη
1754 1405 1790 1476 ε’.

1588 1617 1682 1703 Sync.
1707 1623 1784 1706 722,
1813 1623 1841 1687 6.
1877 1618 2075 1708 Ἀντιοχείας
2099 1620 2185 1707 <ιζ’>
2215 1622 2263 1688 ἐκ.

1544 1725 1710 1812 Κύριλλος
1734 1731 1788 1813 ἔτη
1813 1727 1864 1794 ιε’.

1589 1831 1681 1918 Syna.
1698 1836 1771 1919 724,
1785 1836 1814 1900 2.
1837 1816 2077 1921 τῆςῬωμαίων
2092 1835 2264 1919 ἐκκλησίας

1543 1935 1623 2023 μετὰ
1640 1938 1768 2025 Φήλικα
1783 1940 1921 2026 γέγονεν
1935 1937 2143 2026 Εὐτυχιανδς
2157 1943 2265 2026 μῆνας

1543 2043 1589 2132 η’,
1613 2042 1690 2132 μεθ’
1717 2043 1759 2115 δν
1781 2046 1883 2126 Γάϊος
1902 2047 2005 2134 <κθ’>
2026 2049 2075 2115 ἐκ.
2098 2051 2153 2132 ἔτη
2178 2045 2229 2113 ιε’.

1589 2155 1682 2240 Syna.
1698 2158 1771 2241 724,
1787 2159 1814 2222 7.
1844 2150 2090 2241 Ἀλεξανδρείας
2108 2150 2197 2239 (ις’)
2218 2154 2265 2220 ἐκ.

1544 2265 1679 2340 Θεωυᾶς
1698 2265 1752 2346 ἔτη
1777 2263 1833 2347 ιη’.

1591 2368 1683 2455 Syna.
1713 2371 1792 2452 723,
1820 2372 1849 2436 9.
1889 2366 2024 2453 Πρόβος
2062 2364 2189 2452 ἐσφάγη
2227 2366 2264 2432 ἐν

1547 2480 1703 2567 Σιρμείῳ.

1599 4287 1864 4372 <EusH.E.VII,
1878 4288 1930 4370 32,
1941 4288 1970 4352 8.
1988 4285 2135 4373 θατέρου
2149 4285 2270 4370 μέρους

1554 4397 1611 4480 τῆς
1628 4392 1756 4470 πόλεως
1772 4395 1818 4482 τῷ
1832 4389 2001 4480 Ῥωμαϊκῷ
2019 4395 2271 4478 συμμαχοῦντος

1553 4494 2267 4592 στρατῷταύτῃτετυγχοίνοντοςἀκολιορκή-

1552 4633 1612 4675 του
1638 4604 1698 4674 τὸν
1721 4603 1889 4691 Εὐσέβιον
1916 4605 1977 4691 (ἔτι
2000 4603 2064 4692 γὰρ
2087 4602 2174 4672 εἶναι
2196 4602 2269 4672 τότε

1552 4711 1674 4783 αὐτόθι
1692 4711 1757 4801 πρὸ
1776 4717 1834 4798 τῆς
1853 4712 1905 4780 ἐπὶ
1920 4717 2051 4798 Συρίαν
2070 4710 2271 4799 μεταναστά-

1553 4820 1648 4909 σεως)
1668 4821 1705 4887 ἐν
1723 4832 1793 4898 τοῖς
1811 4816 2064 4905 ἀπολιορκήτοις
2082 4817 2172 4904 ὄντα,
2188 4821 2270 4905 μέγα

1552 4953 1586 4995 τε
1600 4927 1695 5005 κλίος
1709 4925 1764 4992 καλ
1779 4926 1962 5012 διαβόητον
1976 4923 2084 5011 ὄνομα
2102 4926 2197 5013 μέχρι
2215 4926 2268 4992 καὶ

1551 5037 1613 5101 τοῦ
1626 5031 1798 5119 Ῥωμαίων
1817 5031 2045 5119 στρατηλάτου
2058 5034 2270 5119 κεκτημένον,

1552 5141 1627 5227 περὶ
1660 5144 1726 5208 τῶν
1754 5143 1839 5231 λιμῷ
1867 5140 2161 5226 διαφθειρομένων
2188 5137 2270 5206 κατὰ

1552 5247 1613 5334 τὴν
1645 5251 1841 5334 πολιορκίαν
1873 5248 2002 5333 πέμψας
2034 5243 2051 5312 δ
2084 5243 2272 5323 Ἀυατόλιος
