4934 6526
153 680 157 713 ¹
458 670 631 754 Dionysius

151 740 264 877 trians,
282 792 436 859 Messium
451 795 502 858 dei
518 796 619 860 filium
634 797 668 860 in
683 797 788 861 medio
804 822 915 865 eorum

167 900 293 984 adesse3
314 905 409 984 atque
429 902 520 967 Iesus
540 903 609 986 ipse
630 904 670 967 ab
690 904 751 969 hoc
770 909 931 991 tempore*

168 1007 274 1091 coepit
311 1004 535 1096 (annuntiare)
574 1010 711 1074 salutem
747 1014 915 1097 evangelii,

152 1094 341 1180 ¹ostendens
370 1116 475 1179 verbis
504 1119 537 1179 et
565 1117 715 1200 operibns
745 1121 913 1184 veritatem

167 1222 333 1305 potentiae
352 1221 488 1307 divinae,
512 1222 577 1286 illis
597 1224 651 1307 qui
672 1223 733 1309 (id)
752 1225 914 1292 videbant:

213 1326 380 1410 <Herodes
408 1327 582 1393 Herodiam
611 1352 743 1394 uxorem
771 1331 914 1416 Philippi

166 1433 277 1498 fratris
306 1437 355 1500 sni
382 1441 415 1499 in
444 1437 686 1501 matrimonium
710 1436 814 1520 duxit,
841 1420 930 1508 cum?

167 1541 223 1606 ille
237 1541 342 1606 adhuc
357 1543 482 1636 viveret
497 1548 528 1606 et
542 1544 654 1608 reiecit
670 1565 802 1607 uxorem
822 1508 930 1645 suomi

168 1647 307 1732 priorem
315 1645 428 1736 (quae)
437 1649 725 1735 sccundumlegem
735 1648 810 1736 (sibi
821 1651 913 1738 erat).
926 1650 929 1721 i

167 1754 255 1819 Haec
284 1776 360 1819 vero
388 1760 459 1819 erat
480 1755 548 1820 filia
571 1755 721 1842 Aretae¹)
745 1759 832 1843 regis
855 1760 929 1845 Pe}

167 1858 376 1945 trecorum⁹);
400 1862 560 1926 Herodies
575 1885 650 1927 vero
671 1886 690 1927 a
709 1865 825 1930 marito
845 1850 928 1948 suo,i

151 2016 153 2023 ,
169 1990 266 2052 quum
279 1967 383 2032 adhuc
393 1969 525 2053 viveret,
540 1969 732 2035 discmserat
741 1977 772 2035 et
780 1976 912 2055 propter
925 1944 928 2107 η

150 2028 258 2159 §illam
291 2075 320 2138 ei
350 2074 471 2140 bellum
501 2082 570 2141 erat
597 2099 669 2142 cnm
700 2077 801 2142 Arete
828 2099 913 2163 rege,

45 2166 265 2289 suntquis*
288 2183 357 2247 filia
386 2185 454 2247 eius
483 2188 658 2250 comtemta
685 2189 762 2250 erat.
807 2184 852 2248 Et
879 2186 912 2248 in

166 2289 227 2354 hoc
246 2289 332 2354 bello
352 2293 441 2355 totus
461 2293 619 2356 exercitus
634 2291 772 2356 Herodis
790 2293 912 2357 occisus

94 2469 100 2477 ,
166 2400 228 2480 cst,
256 2400 289 2460 et
311 2398 453 2461 monitus
478 2402 548 2461 erat
571 2421 590 2462 a
612 2398 734 2463 Ioanne
757 2398 912 2482 baptista,

165 2524 205 2567 ne
232 2524 364 2567 uxorem
393 2504 502 2568 fratris
530 2505 578 2568 sui
607 2505 641 2568 in
670 2505 911 2570 matrimonium

165 2609 296 2673 duceret
309 2613 342 2674 et
358 2610 491 2675 audiens
506 2612 605 2676 verba
619 2611 749 2676 Ioannis
765 2610 910 2677 Herodes
924 2654 926 2673 .

165 2713 268 2802 (eum)
296 2717 419 2801 timuit,
452 2718 527 2801 quia
559 2717 640 2782 vidit
668 2740 762 2782 omne
794 2678 926 2803 vulgus*

164 2823 213 2887 illi
227 2823 409 2888 adhaerere.
455 2823 500 2887 Et
523 2825 709 2889 concionem
727 2825 911 2909 principum

165 2952 297 2995 suorum
330 2932 529 2996 convocavit.
574 2931 618 2995 Et
651 2954 749 3016 quum
777 2933 910 2997 verbum

164 3035 282 3124 (illius)
315 3040 453 3103 multum
484 3042 597 3122 posset
633 3038 718 3122 apud
753 3030 911 3125 homines,

163 3145 287 3230 timuit,
331 3166 373 3209 ne
423 3145 485 3210 hoo
539 3145 680 3210 studium
727 3168 827 3232 usque
869 3147 910 3212 ad

149 3235 386 3357 {rebellandum
420 3252 620 3336 procederet3
658 3252 788 3317 videbat
825 3255 910 3318 enim

147 3369 218 3473 ηοοε
243 3360 364 3443 omnia,
392 3381 474 3444 quae
496 3360 553 3425 ille
577 3359 715 3443 dicebat,
742 3380 909 3444 perager03

163 3473 197 3533 et
228 3473 361 3553 propter
396 3467 602 3531 autoritatem
635 3467 768 3531 Ioannis
800 3488 908 3532 secum

162 3575 327 3658 reputavit
362 3576 465 3640 multo
501 3573 718 3658 praestantius
755 3594 839 3658 esse,
880 3574 908 3639 si

161 3681 366 3765 praeveniret
377 3685 410 3745 et
422 3680 618 3746 interficeret
628 3703 710 3766 eum,
719 3682 908 3765 priusquam
921 3716 924 3761 γ

163 3810 221 3872 ρετ
243 3787 337 3851 illum
358 3809 464 3852 rerum
483 3789 620 3852 mutatio
640 3787 828 3852 efficeretur.
864 3787 925 3943 Et,

163 3899 336 3979 postquam
361 3895 504 3958 animum
533 3894 601 3956 eius
632 3915 709 3958 eura
731 3894 850 3958 invasit
869 3894 907 3958 de

164 4109 206 4173 ob
230 4106 342 4194 (hanc)
367 4106 583 4190 suspicionem
606 4103 745 4171 Herodis
768 4105 906 4172 Ioannes
965 4128 968 4134 ·

163 4215 422 4281 rinctus-missus
435 4216 486 4277 eet
499 4214 532 4276 in
551 4212 682 4277 domum
696 4214 907 4297 captivorum,

163 4344 245 4407 quae
273 4325 407 4387 vocatur
429 4316 651 4402 Machaerus³)
677 4324 710 4384 et
739 4319 784 4384 ibi
807 4321 905 4385 inter·

163 4022 270 4066 reru!
311 4000 490 4066 mutatione
524 4022 544 4063 a
575 3998 695 4063 Ioanne
732 3999 907 4084 efficienda,

163 4428 264 4495 fectus
289 4432 347 4493 est.
392 4426 437 4492 Et
455 4428 496 4491 ab
515 4426 577 4491 hoc
598 4430 743 4510 tempore
763 4427 906 4492 Herodes

163 4539 195 4599 et
221 4534 382 4599 Herodias
414 4534 500 4617 pulsi
533 4538 611 4598 sunt
642 4539 674 4598 et
706 4539 795 4598 extra
827 4536 906 4598 fines

145 4638 353 4724 wiennam)
382 4641 416 4704 in
443 4641 556 4704 urbem
584 4640 619 4704 in
651 4640 782 4704 exilium
816 4640 906 4705 missi

146 4750 246 4843 ,sunt
292 4747 400 4832 Atque
431 4748 477 4812 ibi
510 4746 595 4831 (ille)
626 4768 765 4831 poenam
799 4747 907 4829 subiit,

146 4876 259 4938 ;quam
282 4854 409 4920 Iudaeis
433 4853 680 4937 destinaverat>
920 4876 923 4955 Ι

145 4990 149 5075 η
207 4958 340 5026 Summe
386 4983 543 5028 annorum
590 4962 630 5025 ab
672 4960 922 5025 instauratione

145 5069 263 5132 *altera
281 5070 396 5152 templi
415 5069 715 5152 Hierosolymitani,
735 5089 815 5152 quae
837 5072 907 5132 erat

162 5196 247 5240 anno
268 5177 370 5241 altero
390 5175 482 5241 Darii
501 5176 587 5260 regis
606 5175 787 5258 Persarum,
805 5197 906 5259 usque

162 5280 202 5346 ad
225 5282 310 5347 hunc
330 5306 450 5348 annum
469 5282 617 5366 foederis,
641 5282 695 5366 qui
715 5286 785 5347 erat
804 5304 906 5347 annus

1048 479 1262 543 -.ρη-

973 687 998 730 a
1018 668 1128 729 Hieron.
1168 673 1210 761 ηε.
1229 682 1303 726 vers.
1318 670 1410 762 Arm}

1705 672 1862 740 Eusebius

1407 901 1411 1037 ι

1406 1366 1409 1429 3
1468 1328 1607 1409 OEuseb.
1623 1329 1664 1393 H.
1679 1329 1718 1394 E.
1732 1329 1757 1413 Ι,
1770 1328 1825 1412 XI,
1843 1334 1858 1395 1
1877 1353 1945 1416 squ.
1961 1354 1999 1397 ex
2014 1333 2141 1417 Ioseph.

1406 1438 1513 1573 ,Ante
1537 1435 1658 1520 XVIII,
1678 1437 1711 1501 5:
1732 1431 1897 1519 Ἀδελφοῦ
1920 1450 2061 1521 γυναῖκα
2085 1430 2142 1505 οὖ-

1406 1559 1486 1608 Ισαν
1509 1538 1615 1631 αὐτὴν
1641 1538 1862 1630 (Ἡρωδιάδα)
1891 1540 2031 1628 ἠγάγετο
2059 1543 2142 1628 πρὸς

1421 1646 1530 1734 γάμον
1545 1645 1706 1735 Ἡρώδης,
1725 1645 1893 1734 ἀθετήσας
1911 1648 1971 1735 μὲν
1988 1648 2050 1736 τὴν
2064 1676 2141 1739 προ·

1420 1756 1520 1841 τέραν
1548 1752 1638 1846 αὐτῷ
1662 1751 1744 1821 κατά
1768 1746 1894 1840 νόμδυς
1916 1759 2142 1844 γεγενημένην

1405 1858 1548 1949 η(Ἀρέτα
1572 1859 1603 1927 δ’
1629 1853 1673 1947 ἦν
1695 1859 1778 1947 αὕτη
1802 1865 1862 1928 τοῦ
1884 1869 2060 1949 Πετραίων
2084 1870 2141 1950 βα-

1405 1956 1539 2047 ισιλέως
1570 1966 1737 2056 θυγάτηρ)
1774 1967 1836 2054 τὴν
1869 1969 1906 2036 δέ
1937 1966 2141 2056 Ἡρωδιάδα,

1422 2077 1542 2154 ζῶντος
1566 2076 1744 2160 διαστήσας
1767 2078 1828 2142 τοῦ
1852 2073 1984 2163 ἀνδρός.
2020 2073 2066 2143 δι’
2097 2073 2141 2162 ἣν

1420 2180 1475 2247 καὶ
1490 2178 1564 2263 [τὸν
1581 2177 1743 2267 Ἰωάννην
1760 2179 1904 2266 ἀνελών]
1925 2182 2072 2269 πόλεμον
2092 2192 2140 2251 at-

1421 2312 1511 2372 ρεται
1534 2284 1616 2373 πρδς
1639 2285 1699 2354 τὸν
1726 2286 1875 2375 Ἀρέταν,
1904 2286 1998 2358 ώσάν
2027 2287 2140 2377 ἠτιμα-

1420 2392 1542 2478 σμένης
1570 2391 1659 2483 αὐτῷ
1688 2398 1745 2480 τῆς
1773 2395 1952 2483 θυγατρός.
1995 2400 2025 2466 2.
2053 2389 2140 2488 ένῷ

1420 2500 1551 2590 πολέμῳ
1580 2498 1685 2586 μάχης
1713 2505 1893 2588 γενομένης
1920 2502 2029 2570 πάντα
2057 2504 2140 2590 φησὶ

1419 2603 1478 2673 τὸν
1492 2602 1648 2693 Ἡρώδου
1666 2606 1809 2692 στρατὸν
1834 2613 2066 2698 διαφθαρῆναι
2084 2611 2140 2678 καὶ

1418 2716 1522 2780 ταῦτα
1541 2715 1746 2782 πεπονθέναι
1760 2725 1818 2803 τῆς
1836 2719 2014 2803 ἐπιβουλῆς
2028 2717 2139 2785 ἕνεκεν

1418 2830 1476 2904 τῆς
1499 2818 1581 2887 κατά
1605 2828 1666 2888 τοῦ
1687 2822 1848 2891 Ἰωάννου
1871 2825 2100 2910 γεγενημένης.

1464 2929 1493 2993 6.
1530 2928 1598 2993 Καὶ
1625 2931 1693 2995 τών
1721 2927 1832 2998 ἀλλων
1860 2932 2140 3018 συστρεφομένων

1419 3032 1488 3117 (καὶ
1525 3031 1589 3119 γάρ
1629 3032 1786 3120 ἥσθησαν
1821 3037 1874 3104 ἐπὶ
1908 3045 2064 3106 πλεῖστον
2099 3044 2139 3129 τῇ

1418 3136 1575 3225 ἀκροάσει
1588 3143 1656 3207 τών
1670 3139 1797 3228 λόγων)
1814 3145 1926 3222 δείσας
1935 3141 2087 3231 Ἡρώδης
2101 3173 2138 3214 το

1419 3245 1471 3312 ἐπὶ
1484 3244 1626 3313 τοσόνδε
1640 3245 1788 3313 πιθανὸν
1804 3245 1909 3316 αὐτοί
1924 3262 1994 3328 τοῖς
2006 3247 2140 3338 ἀνθρώ-

1418 3376 1507 3437 ποις,
1543 3350 1588 3439 μὴ
1625 3352 1678 3421 eo
1714 3349 1894 3422 ἀποστάσει
1928 3356 1996 3423 τινὶ
2029 3359 2139 3446 φέροι,

1418 3459 1541 3548 (πάντα
1560 3458 1624 3547 γάρ
1644 3458 1790 3552 ἐῴκεσαν
1809 3466 1982 3552 συμβουλῇ
2001 3468 2040 3553 τῇ
2060 3467 2139 3534 ἐκεί-

1418 3591 1482 3634 νου
1504 3565 1698 3657 πράξοντες)
1717 3566 1804 3636 πολὺ
1827 3583 1978 3657 κρεῖττον
2001 3568 2139 3658 ἡγεῖται,

1417 3678 1497 3759 πρίν
1520 3699 1551 3740 τι
1574 3673 1739 3762 νεώτερον
1762 3673 1818 3743 ἀπ’
1841 3675 1947 3745 αὐτοῦ
1968 3680 2139 3765 γενέσθαι,

1417 3778 1618 3866 προσλαβών
1646 3778 1797 3867 ἀναιρεῖν
1825 3779 1846 3869 ἢ
1877 3789 2060 3870 μεταβολῆς
2087 3811 2138 3871 γε·

1419 3886 1560 3971 νομένης
1589 3890 1636 3965 εἰς
1665 3887 1841 3975 πράγματα
1864 3889 2017 3976 ἐμπεσών
2046 3916 2138 3977 μετα-

1417 4004 1520 4059 νοεῖν.
1564 3992 1620 4059 καλ
1648 3989 1665 4060 δ
1689 3993 1751 4081 μὲν
1773 3991 1901 4086 ὑποψίᾳ
1924 4001 1963 4085 τῇ
1983 3994 2139 4082 Ἡρώδου

1417 4098 1553 4185 δέσμιος
1570 4103 1617 4180 εἰς
1630 4099 1691 4167 τὸν
1706 4106 1948 4189 Μαχαιροῦντα
1962 4104 2138 4190 πεμφθεὶς,

1319 4215 1323 4221 “
1416 4202 1454 4273 τὸ
1478 4208 1720 4293 προειρημένον
1744 4208 1911 4297 φρούριον
1929 4211 2031 4300 ταύτη
2050 4218 2105 4280 κτί
2125 4258 2138 4266 -

1416 4337 1522 4380 ννται.
1560 4316 1590 4379 3.
1624 4315 1749 4399 ἱστορεῖ
1772 4315 1808 4382 δὲ
1832 4317 1887 4384 καλ
1906 4316 1966 4386 τὸν
1981 4315 2138 4407 Ἡρώδην

1416 4427 1473 4503 τῆς
1500 4423 1669 4503 βασιλείας
1697 4418 1968 4492 ἀποπεπτωκέναι
1995 4426 2052 4492 διὰ
2076 4425 2138 4514 τὴν

1416 4522 1522 4610 αὐτὴν
1544 4523 1753 4610 Ἡρωδιάδα,
1781 4525 1858 4612 μεθ’
1884 4520 1924 4615 ἧς
1950 4530 2053 4598 αὐτὸν
2081 4532 2136 4599 καὶ

1416 4633 1464 4709 εἰς
1485 4629 1548 4715 τὴν
1570 4628 1754 4719 ὑπερορίαν
1776 4629 2017 4723 ἀπεληλάσθαι,
2042 4640 2136 4707 Βιέν·

1415 4763 1480 4804 ναν
1526 4742 1584 4824 τῆς
1628 4744 1770 4819 Γαλλιάς
1817 4745 1921 4810 οἰκεῖν
1962 4749 2135 4812 καταδικα-

1416 4845 1572 4931 σθέντα.)

145 5388 223 5477 μιν
247 5392 341 5476 regni
365 5390 498 5472 riberii,
527 5393 603 5454 sune
628 5390 703 5453 anni
726 5350 923 5472 oxornat
939 5402 973 5457 a.
993 5348 1162 5470 omum}
1252 5392 1311 5442 aa.

136 5648 141 5657 .
233 5606 258 5670 1)
277 5601 344 5679 ιγα.
417 5603 445 5671 ι)
464 5600 568 5679 cuer.
642 5604 670 5669 a)
687 5601 795 5679 ιροιαι.
869 5603 895 5668 ι)
915 5597 984 5661 ure
