4934 6526
321 5302 325 5407 ι

1200 465 1419 531 ...80-

612 662 784 747 Dionysius
1125 673 1150 715 a.
1171 657 1283 715 Hieron.
1340 674 1365 717 a.
1384 674 1458 717 vers.
1473 659 1548 715 Arm.

326 791 544 876 privarentur;
569 791 602 852 et
620 789 780 872 principes
798 786 861 869 illi,
880 785 936 870 qui
955 785 1069 868 quovis

325 899 396 962 loeo
420 896 572 961 ecclesiae
602 899 699 979 caput
727 896 848 976 essent,
875 892 910 957 in
941 891 1070 955 vincula

325 1005 559 1088 conjicerentur
581 1006 614 1067 et
637 1001 749 1067 deinde
772 1005 810 1065 ut
833 1021 924 1064 sacra
948 998 1070 1063 ferrent

326 1114 526 1196 cogerentur.
554 1108 605 1173 Ab
615 1108 680 1173 illis
690 1129 766 1172 vero
781 1106 965 1192 pastoribus
977 1060 1085 1190 (non-i

326 1217 424 1304 nulli)
436 1218 551 1282 timore
566 1212 748 1302 (commoti)
763 1214 1022 1298 desperaverunt,
1035 1186 1086 1293 ini

271 1386 276 1396 ,
327 1323 499 1389 nonnullos
508 1345 584 1388 vero
593 1324 633 1388 ab
641 1317 963 1407 illis(Diocletianus)
972 1296 1086 1395 variisi

327 1430 497 1496 tormentis
508 1430 609 1495 irruit.
630 1428 736 1494 Erant
744 1427 1006 1513 quiverberibus,
1016 1426 1070 1509 qui

328 1537 454 1620 pectine
477 1537 590 1620 ferreo,
614 1536 668 1620 qui
692 1540 811 1621 tegeno
832 1530 1070 1618 (vexabantur),

329 1643 383 1727 qui
414 1642 526 1707 bestiis
557 1642 635 1706 feris
666 1642 922 1725 proiciebantur,
954 1640 1009 1723 qui
1036 1639 1072 1702 in

328 1749 395 1813 alto
424 1750 523 1814 maris
552 1749 796 1834 mergebantur,
824 1748 878 1832 qui
907 1747 1011 1832 glacie
1039 1750 1072 1809 et

328 1855 446 1941 frigore
464 1855 615 1940 martyrii
633 1876 786 1920 coronam
809 1854 1071 1938 assequebantur.

327 1960 535 2027 Nicomediae
558 1983 634 2026 vero
654 1962 804 2046 martyris
823 1964 959 2025 mortem
983 1960 1072 2043 passi

328 2073 403 2133 sunt
426 2069 610 2134 Dorotheus
634 2074 667 2134 et
690 2069 805 2134 Petrus
832 2072 865 2133 et
887 2066 1071 2151 Gorgonius

328 2174 426 2240 cum*
449 2176 560 2240 multis
588 2176 675 2256 aliis,
712 2177 768 2260 qui
801 2178 893 2240 erant
926 2196 942 2238 e
976 2173 1071 2238 domo

330 2283 415 2368 regis
439 2286 472 2346 et
494 2304 567 2346 curn
589 2281 700 2347 multis
721 2283 807 2367 aliis,
829 2282 884 2366 qui
902 2301 1072 2345 numerum

331 2390 501 2472 excedunt,
529 2390 583 2474 qui
611 2390 714 2474 glaeie
738 2388 1017 2454 interficiebantur
1039 2386 1073 2449 in

332 2494 411 2560 foris
422 2500 454 2560 et
467 2497 502 2559 in
513 2496 627 2581 quovis
638 2495 746 2582 looo¹).
770 2495 964 2578 Martyrium
974 2492 1075 2558 subiit

266 2630 273 2644 =
333 2624 406 2667 vero
433 2603 586 2666 Antimus
617 2603 787 2687 episcopus
810 2600 1018 2666 Nicomediae
1042 2602 1075 2662 et

332 2707 492 2773 Lucianus
539 2705 736 2793 Tyrannio²)
779 2709 947 2791 episcopus
989 2705 1075 2791 Tyri,

331 2811 515 2898 Silvanus³)
543 2816 712 2899 episcopus
740 2815 891 2897 Emesae,
914 2812 1074 2878 Zenobius

330 2921 500 3005 episcopus
542 2919 684 3005 Sidonis,
726 2919 864 2986 Salonus
907 2920 1074 3004 episeopus

331 3025 436 3091 Gazae
456 3050 527 3092 oum
548 3027 684 3112 triginta
702 3048 819 3093 novem
839 3027 921 3111 aliia,
939 2974 1090 3110 quorum¹

330 3135 438 3217 capita
478 3135 623 3218 praecisa
664 3138 751 3217 sunt,
798 3138 834 3198 ut
874 3134 945 3218 igni
991 3155 1074 3198 oom-

330 3240 536 3305 burerentur:
560 3240 750 3326 Pamphilus
775 3240 944 3324 episcopus
960 3238 1075 3305 Caesa·

330 3368 411 3430 reae,
435 3347 551 3412 Petrus
570 3350 740 3433 episcopus
764 3344 979 3410 Alexandriae
1003 3368 1076 3412 oum

332 3454 413 3518 aliis.
437 3450 1077 3539 Faustus,Dius‚Ammonius,Phileas⁴),

331 3558 553 3646 Hesychius⁵)‚
570 3560 757 3625 Theodorus
771 3560 913 3644 episcopi
924 3560 1076 3624 ecclesiae

332 3665 554 3752 Aegyptiacae
587 3690 658 3732 oum
692 3668 769 3731 viris
802 3665 994 3730 illustribus.
1038 3666 1078 3730 In

333 3774 403 3837 lacu
436 3773 603 3859 Augusteo
638 3774 853 3860 quadraginta
885 3772 945 3836 viri
982 3772 1078 3836 simul

334 3881 481 3965 martyrii
502 3903 654 3947 coronam
673 3881 782 3964 adepti
802 3883 887 3944 sunt
933 3878 977 3942 Hi
1002 3901 1077 3944 vero

335 3988 442 4071 capita
454 3991 487 4051 et
496 3988 640 4052 illustres
655 3991 688 4051 et
703 3988 877 4071 optimates
892 3987 1078 4071 provinciae

334 4096 427 4157 erant
451 4097 483 4157 et
510 4095 543 4158 in
565 4094 700 4178 glaciem
725 4093 814 4158 lacus
837 4093 1079 4177 proiciebantur

333 4222 392 4283 per
413 4203 517 4263 totam
541 4203 684 4283 noetem3
708 4203 741 4262 et
765 4203 938 4283 postquam
958 4201 1078 4264 mortui

336 4311 411 4370 sunt
429 4306 500 4391 igni
519 4327 574 4370 eos
594 4305 780 4370 combussit.
827 4303 981 4369 Sanctum
1001 4328 1077 4372 vero

335 4410 515 4498 Sergiuml)
548 4416 581 4476 et
606 4407 802 4496 Bacchuml)
831 4432 956 4476 currere
984 4412 1080 4476 iussit

335 4520 398 4585 dux
421 4522 455 4584 in
479 4524 592 4585 acutos
614 4518 736 4584 ferreos
759 4519 861 4604 palos.
907 4519 953 4584 Et
980 4541 1077 4604 quum

336 4628 486 4691 omnibns
514 4627 684 4691 tormentis
708 4648 764 4691 eos
788 4627 961 4709 affecisset,
988 4647 1078 4710 prae·

337 4733 414 4797 cidit
437 4733 544 4817 capita
568 4755 677 4797 eorum
701 4732 808 4816 lapide
832 4730 990 4818 acuto.⁸)>

380 4839 477 4904 Anno
518 4836 746 4904 MMCCOXXI
784 4839 1006 4905 Diocletianus
1048 4842 1081 4903 et
1107 4845 1140 4899 H.
1160 4848 1237 4898 2³21.

336 4945 534 5011 Maximinus
548 4967 683 5031 regnum
697 4951 940 5011 recusaverunt:
961 4949 993 5009 et
1007 4946 1079 5010 loco

337 5052 466 5116 illorum
494 5052 705 5118 Maximinum
739 5056 772 5116 et
803 5050 954 5117 Severum
987 5072 1079 5136 reges

337 5163 533 5223 creaverunt.
580 5156 806 5242 <Consuetudo
830 5158 986 5244 quaedam
1010 5161 1080 5221 erat

336 5285 450 5350 regum
460 5263 689 5348 Romanorum,
700 5267 789 5330 ouius
798 5288 896 5331 causa
906 5263 1078 5349 aliquando

337 5372 399 5437 fuit
430 5374 529 5437 timor
543 5371 774 5467 inimicorum,
807 5372 874 5437 sive
907 5371 986 5435 haee
1018 5370 1080 5434 fuit

408 5584 434 5650 1)
453 5589 551 5666 ,opu
624 5584 652 5649 θ)
671 5596 787 5660 χωρ.
861 5587 888 5649 3)
906 5587 1047 5651 mmmm.
1120 5582 1150 5649 4)
1167 5581 1280 5652 polim.
1354 5580 1382 5647 t)
1400 5592 1521 5651 gamer.
1596 5579 1623 5646 6)
1642 5594 1765 5671 Qec».
1840 5580 1865 5641 7)
1884 5591 1979 5649 φω.
2054 5579 2081 5645 8)
2099 5577 2192 5669 βαρ.

1858 659 2017 729 Eusebius

1576 788 1677 868 τίαις,
1701 786 1732 850 εἰ
1753 784 1941 869 ἐπιμένοιεν
1966 796 2005 875 τῇ
2028 791 2090 855 τοῦ
2108 796 2296 876 Χριστιανι-

1577 900 1665 978 σμοῦ
1687 892 1861 978 προθέσει,
1892 893 2084 980 ἐλευθερίας
2107 908 2297 984 στερεῖσθαι

1576 995 1850 1086 προαγορεύοντα
1873 1001 1894 1065 5
1918 1051 1924 1066 .
1949 999 2125 1087 ....μετ’
2152 998 2193 1071 οὐ
2212 1002 2298 1073 πολὺ

1578 1103 1616 1172 δὲ
1631 1157 1727 1172 .....
1741 1102 1976 1191 προσετάττετο
1999 1107 2080 1188 τοὺς
2097 1118 2166 1177 τῶν
2185 1111 2297 1197 suntq-

1579 1221 1662 1280 σιῶν
1676 1211 1862 1297 προέδρους
1875 1210 2000 1292 πάντας
2010 1212 2088 1295 τοὺς
2097 1215 2179 1285 κατὰ
2189 1218 2298 1287 πάντα

1577 1321 1680 1386 τόπον
1712 1328 1826 1404 πρῶτα
1860 1317 1921 1405 μὲν
1950 1322 2084 1407 δεσμοῖς
2115 1327 2298 1410 παραδίδο-

1579 1434 1672 1512 σθαι,
1692 1421 1758 1492 εἶθ’
1779 1423 1922 1512 ὕστερον
1941 1425 2028 1515 πάσῃ
2047 1440 2178 1518 μηχανῇ
2197 1432 2298 1499 θύειν

1580 1532 1868 1618 ἐξαναγκάζεσθαι.
1897 1532 2071 1620 Sequentia
2083 1539 2118 1603 in
2133 1540 2297 1623 epitomen

1579 1644 1709 1708 redacta
1739 1642 1877 1706 reddunt
1908 1644 2008 1709 verba
2038 1645 2156 1710 Euseb.
2189 1645 2229 1710 H.
2259 1645 2297 1711 Ε.

1580 1750 1669 1835 VIII,
1691 1752 1722 1833 3,
1745 1751 1775 1834 6,
1800 1750 1872 1832 13>
