4934 6526
606 674 776 759 Dionysius

320 798 461 886 (fluvius)
499 800 667 864 inundavit
698 798 850 863 Eleusina
886 797 998 861 urbem
1031 800 1063 861 et

321 907 462 992 perdidit
489 910 522 971 et
559 905 728 971 suffocavit
763 905 885 971 incolas
925 903 993 967 eius
1031 906 1063 967 et

320 1013 437 1097 omnis,
456 1035 538 1098 qnae
558 1012 662 1077 inille
681 1007 787 1097 (urbe)
802 1014 904 1094 erant,
923 1009 1062 1096 depopu-

319 1121 405 1185 latus
415 1123 472 1184 est.
518 1119 638 1184 Eodem
651 1124 794 1200 tempore
806 1139 862 1181 rex
876 1115 1062 1181 Hadrianus

320 1227 354 1290 in
376 1226 433 1290 illo
456 1225 586 1290 flumine
609 1229 740 1309 pontem
763 1224 849 1289 fecit.

363 1332 460 1397 Anno
505 1329 692 1396 MMCXLV
739 1335 808 1395 erat
852 1330 885 1393 in
930 1328 1064 1393 ecclesia

319 1438 540 1503 Alexandrina
563 1437 723 1502 Eumenes
748 1432 957 1521 (episcopus).

365 1545 460 1609 Anno
470 1541 671 1608 MMCXLIX
684 1542 824 1625 Cochba,
834 1542 897 1606 dux
908 1541 1063 1605 exercitus

319 1651 525 1729 Iudaeorum,
566 1651 676 1714 multis
718 1649 811 1713 mulis
853 1647 1063 1712 christianum

320 1758 476 1842 populum
495 1757 611 1841 effecit,
631 1757 706 1840 quis
724 1755 898 1820 noluerunt
916 1776 988 1818 cum
1006 1753 1063 1818 illo

321 1867 434 1929 contre
456 1862 621 1928 Romanos
645 1863 732 1927 bello
755 1881 912 1945 pugnare3

366 2080 398 2141 et
421 2075 656 2141 contenderunt
678 2073 817 2139 Romani
840 2095 913 2137 oum
936 2071 1064 2136 Iudaeis

321 2182 354 2246 in
383 2182 569 2247 Palaestine
601 2185 633 2245 et
663 2180 773 2245 ludaei
804 2178 959 2244 trucidati
992 2183 1067 2243 sunt

1193 475 1409 540 ..64-

1119 682 1144 726 e.
1165 667 1275 734 Hieron.
1331 682 1357 726 s.
1375 681 1449 725 vers.
1463 667 1540 724 Arm.

1090 1345 1124 1400 H.
1144 1349 1222 1400 2146.

1091 1561 1125 1616 Η.
1145 1565 1223 1614 2149.

1092 2092 1126 2145 H.
1146 2095 1224 2146 2150.

323 2293 355 2353 et
386 2288 525 2353 Romani
557 2287 632 2352 illos
671 2287 817 2372 captivos
855 2285 1065 2350 abduxerunt.
1129 2302 1132 2309 ·

322 2396 366 2461 Et
389 2395 648 2479 exstirpaverunt
670 2397 702 2457 et
721 2397 913 2459 amoverunt
931 2415 985 2457 eos
1009 2399 1066 2457 ex*

323 2498 675 2587 (urbe)Hierosolymu
690 2499 1067 2585 Abhoctemporeetiem

322 2610 450 2693 penitus
469 2607 626 2692 prohibiti
645 2611 678 2670 et
696 2606 816 2672 exclusi
836 2611 911 2670 sunt
930 2628 969 2670 ex
988 2606 1067 2670 urbe

324 2714 562 2799 Hierosolyma:
600 2713 739 2797 primum
774 2734 833 2796 per
864 2713 1066 2778 voluntatem

323 2822 375 2886 dei
397 2825 466 2885 tum
489 2823 662 2904 praecepto
687 2818 916 2884 Romanorum.

366 2926 549 3011 Episcopus
591 2925 836 3010 Hierosolymae
881 2926 1004 3008 primus
1051 2947 1068 2990 e

324 3033 476 3120 gentibus
500 3032 626 3096 exstitit
648 3030 791 3116 Marcus,
819 3054 918 3116 quum
940 3031 990 3094 illi
1014 3032 1069 3116 qui

325 3162 342 3205 e
366 3139 607 3205 circumcisione
631 3144 724 3204 erant
746 3139 937 3204 desinerent.

370 3777 466 3842 Anno
489 3773 646 3841 MMCLII
669 3774 855 3841 Hadrianus
878 3776 990 3841 morbo
1014 3776 1071 3860 hy-

327 3883 458 3969 dropico
467 3882 490 3969 ¹)
515 3887 662 3948 mortuus
686 3887 744 3967 est,
768 3887 800 3947 et
822 3905 878 3948 rex
898 3883 1003 3948 factus
1023 3885 1073 3948 est

326 3995 401 4077 post
424 4013 497 4055 eum
516 3989 609 4054 Titus
626 3989 812 4057 Antoninus
828 3992 882 4076 qui
897 3991 1073 4056 vocabatur

327 4098 434 4162 Iustus
454 4120 526 4162 cum
545 4096 621 4160 filiis
641 4097 708 4162 suis
724 4098 876 4162 Aurelius
896 4101 928 4161 et
945 4096 1072 4179 Lucius,

328 4201 375 4288 (et
392 4201 557 4289 regnavit)
575 4201 670 4266 XXII
690 4226 792 4270 annos
815 4206 847 4268 et
864 4202 915 4266 111
938 4225 1072 4269 menses.

371 4309 416 4374 Et
443 4308 459 4374 I
487 4330 572 4373 enno
604 4309 692 4373 illius
728 4313 798 4374 erat
829 4308 977 4395 Hyginus
1010 4311 1073 4394 epi·

328 4438 443 4501 scopus
467 4415 606 4498 Romae,
631 4412 701 4502 (qui
724 4414 886 4502 regnavit)
919 4420 1073 4501 quattuor

329 4546 444 4589 annos:
460 4526 577 4607 etpost
591 4544 664 4588 eum
674 4524 751 4589 Pius
766 4523 947 4609 quindecim
962 4545 1074 4588 annos.

374 4628 493 4711 <Anno
512 4627 685 4696 MMCLIV
705 4632 739 4695 in
757 4629 882 4696 Edessa
900 4651 955 4695 rex
968 4629 1074 4695 faetus

330 4739 380 4798 est
402 4734 465 4799 Vel
489 4735 574 4800 filius
599 4735 714 4802 Sahuri
738 4736 786 4823 (et
808 4735 970 4822 regnavit)
994 4735 1074 4801 duos

330 4862 443 4920 annos,
466 4844 591 4925 etpost
611 4864 684 4908 eum
706 4866 762 4908 rex
785 4844 890 4910 fectus
914 4847 964 4907 est
976 4841 1074 4907 Manu

330 4947 415 5011 filius
443 4947 542 5012 Izutis
571 4953 605 5013 et
633 4947 824 5037 (regnavit),
854 4952 1028 5033 postquam
1057 4969 1073 5011 e

331 5051 452 5117 ditione
492 5053 714 5123 Romanorum
755 5055 864 5140 rediit,
906 5053 1072 5120 duodecim

333 5180 443 5224 annos.
490 5159 621 5227 Summe
650 5184 726 5229 vero
758 5163 871 5229 totius
885 5162 977 5247 regni
1004 5165 1074 5226 erat

331 5265 469 5351 triginta
496 5288 552 5331 sex
575 5291 732 5335 annorum
756 5270 824 5335 sine
847 5270 926 5353 illis,
955 5268 1072 5353 quibus

333 5372 416 5456 apud
440 5373 570 5439 domum
593 5375 813 5442 Romanorum
837 5371 1005 5463 (fueret).>

1095 2942 1129 2997 H.
1149 2946 1227 2997 2151.

1098 3792 1133 3850 H.
1152 3797 1230 3847 2153.
1405 3799 1483 3849 2153.

1127 4324 1162 4378 Η.
1181 4329 1251 4378 2154

1101 4397 1147 4464 (=
1166 4401 1180 4450 1
1200 4395 1276 4464 Ans>

1407 4331 1486 4383 2150.

1852 668 2007 736 Eusebius

1569 790 1625 858 καὶ
1648 790 1844 878 γεφυρώσας
1858 789 2030 860 Ἐλευσῖνα
2050 802 2285 862 κατακλυσθεῖ-

1570 918 1634 964 σαν
1657 894 1723 966 ini
1746 902 1905 986 Κηφισοῦ
1927 905 2077 986 ποταμοί
2081 956 2087 969 .

1615 1537 1795 1624 synoecio,
1811 1540 1860 1605 18.
1879 1541 1937 1624 τῆς
1952 1534 2126 1607 Ἰουδαίων
2145 1535 2289 1606 άποστά·

1571 1660 1654 1723 σεως
1668 1647 1816 1729 Χοχεβάς
1833 1671 1883 1722 τις
1901 1641 1941 1730 <d
1959 1643 2163 1732 μονογενὴς>
2177 1641 2288 1735 ἡγεῖτο

1571 1744 1632 1834 (ὃς
1664 1748 1862 1836 ἕρμηνεάετο
1894 1748 2029 1838 άστήρ).
2079 1741 2178 1831 οὗτος
2208 1758 2287 1840 Χρι·

1572 1854 1729 1936 στιανούς
1741 1861 1900 1938 ποικίλως
1913 1858 2138 1946 ἐτιμωρήσατο
2153 1856 2197 1944 μὴ
2212 1863 2288 1944 βου-

1571 1963 1734 2050 λομένους
1756 1962 1838 2030 κατὰ
1858 1961 2031 2052 Ῥωμαίων
2053 1977 2245 2053 συμμαχεῖν.

1617 2070 1710 2155 Sync.
1725 2073 1799 2157 661,
1815 2075 1844 2138 1.
1867 2067 2027 2140 Ἰουδαῖοι
2053 2076 2161 2153 κακῶς
2188 2069 2289 2158 άπήλ-

1571 2175 1674 2255 λαξαν
1692 2175 1748 2246 καὶ
1766 2173 1783 2243 ὁ
1799 2176 1882 2265 πρὸς
1896 2175 2019 2259 αὐτοὺς
2031 2178 2175 2266 πόλεμος
2190 2179 2291 2265 πέρας

1573 2285 1667 2368 ἔσχεν
1676 2333 1773 2351 .....
1792 2287 1893 2352 ἐνθεν
1914 2277 1977 2352 οὖν
1996 2288 2164 2374 εἴργονται
2182 2283 2289 2372 πάντη

1572 2398 1630 2474 τῆς
1656 2388 1782 2468 πόλεως
1809 2389 1975 2476 ἐπιμένειν
2003 2391 2178 2480 προστάξει
2204 2396 2290 2459 θεοῦ

1572 2494 1627 2561 καί
1640 2494 1813 2582 Ῥωμαίων
1831 2494 1944 2584 κράτει
1960 2497 2196 2584 διασπαρέντες
2208 2495 2290 2564 κατὰ

1572 2625 1704 2681 παντος.

1619 2921 1712 3009 Sync.
1723 2925 1797 3004 662,
1807 2927 1836 2990 3.
1859 2926 1989 3009 πρῶτος
2012 2925 2046 3003 ἐξ
2065 2924 2177 2991 ἐθνῶν
2196 2920 2293 3011 Μάρ·

1573 3052 1631 3107 κος
1653 3032 1708 3114 ἐτη
1731 3026 1772 3114 η’.

1620 3137 1698 3219 (cfr.
1717 3136 1834 3203 Pollux
1852 3157 1906 3223 pg.
1925 3140 1989 3205 218
2008 3138 2123 3204 Hardt.
2152 3127 2293 3204 ..οὗτοι

1575 3241 1695 3323 πάντες
1727 3245 1763 3310 ἐκ
1790 3243 1966 3332 περιτομῆς
1992 3241 2145 3332 ὑπῆρχον
2168 3241 2205 3311 ιε’
2233 3240 2293 3310 τὸν

1576 3347 1796 3438 άριθμόν....
1819 3345 1841 3436 ἡ
1860 3349 1897 3418 di
1915 3349 1996 3418 κατά
2014 3349 2076 3439 τὴν
2094 3353 2218 3418 Αἰλίαν
2237 3370 2294 3418 συ-

1576 3460 1681 3524 στᾶσα
1694 3453 1861 3544 άγιωτάτη
1877 3458 2031 3545 ἐκκλησία
2045 3460 2079 3540 ἐξ
2092 3459 2205 3526 ἐθνῶν
2218 3484 2295 3543 τυγ-

1576 3563 1727 3651 χάνουσα
1745 3566 1879 3652 πρῶτον
1897 3569 2042 3654 καθιστᾷ
2062 3567 2110 3634 ἐπ.
2132 3567 2165 3647 ἐξ
2184 3567 2297 3634 ἐθνῶν

1577 3667 1753 3755 Μάρκον.)

1622 3774 2011 3864 8γτιο.661,6.Ἀθριανός
2020 3776 2150 3868 ὕδρωπι
2160 3783 2296 3868 τελευτᾷ

1579 3882 1615 3949 ἐν
1638 3886 1756 3964 Βαΐαις
1778 3887 1837 3970 τῆς
1856 3881 2004 3966 Ἰταλίας.

1625 4306 1719 4395 Sync.
1734 4310 1808 4394 661,
1824 4312 1851 4376 7.
1870 4307 1996 4397 Ῥάμης
2020 4311 2196 4392 ἐπίσκοπος
2218 4311 2298 4401 <θ’>

1574 4410 1706 4501 ‘syceos
1724 4417 1780 4501 ἐτη
1800 4413 1838 4482 τί.
1873 4417 1967 4503 Syno.
1978 4420 2052 4504 663,
2064 4420 2114 4486 17.
2125 4419 2127 4423 ’
2138 4425 2298 4506 Ρωμαίων

1553 4599 1555 4605 .
1582 4522 1630 4589 ἐπ.
1653 4517 1719 4608 <ί>
1742 4528 1827 4602 Πίος
1850 4526 1905 4609 ἔτη
1930 4520 1976 4592 ιε’.

406 5592 431 5654 1)
450 5587 525 5642 Hier.
545 5586 658 5655 „morbo
676 5586 822 5644 intercutis
841 5588 956 5655 equse“.
976 5616 1010 5626 -
1027 5586 1085 5650 lm
1103 5600 1175 5643 m
1193 5584 1358 5642 collectione
1376 5600 1466 5656 nqueo
1484 5600 1521 5640 ιο.
1541 5581 1592 5638 snb
1610 5585 1682 5639 onte.
1720 5584 2011 5656 (statuminum)
