4934 6526
1176 466 1389 530 -48-

285 728 287 739 ,
588 661 760 744 Dionysius
1055 661 1059 751 l
1099 672 1125 714 ὃ·
1144 655 1256 714 11101'011·
1312 671 1337 714 ι·
1357 671 1430 714 vars.
1446 656 1521 713 Arm·
1831 660 1987 727 Eusebius

285 748 287 831 l
345 770 389 835 Et
412 766 615 833 aSalomone
635 772 668 831 et
691 767 914 832 aedificatione
938 762 1105 854 primaff
1125 799 1211 856 MLX,
1380 804 1455 854 1064.

300 876 414 960 templi
437 878 513 940 sunt
536 874 644 939 MLXI
667 875 753 939 anni.
800 874 943 940 AMose
967 836 1058 939 vcro!
1160 888 1194 941 Η.

301 983 443 1049 cicuitu
468 1005 505 1047 ex
525 983 676 1066 Aegypto
700 986 776 1046 sunt
796 980 935 1045 MDXLI
959 982 1044 1046 anni.
1072 959 1291 1014 MDXXXVHH·
1378 964 1455 1014 1640.

193 1135 215 1172 ρ,
225 1125 271 1165 120.
301 1091 351 1154 Ab
368 1089 577 1154 Abrahamo*
598 1093 630 1152 et
649 1110 669 1152 a
686 1109 786 1173 regno
801 1086 878 1151 Nini
897 1092 929 1151 et
945 1085 1044 1151 Semi·
1071 1089 1206 1158 numm.
1378 1105 1456 1155 2044.

299 1196 430 1261 ramidis
454 1198 530 1260 sunt
552 1195 627 1259 anni
650 1193 831 1259 MMXLIV.

285 1362 287 1385 ,
344 1301 602 1385 Acataclysmo
630 1324 730 1386 nsque
759 1300 798 1365 ad
823 1301 1043 1365 Abrahamum
1161 1315 1195 1369 H.
1378 1319 1456 1368 2986.
1596 1300 1821 1385 sync.617,1.
1855 1296 2017 1384 Εὐσέβιος
2040 1297 2078 1366 δέ
2097 1294 2115 1365 ὁ
2135 1301 2271 1382 Παμφί-

285 1398 374 1506 {sunt
397 1406 628 1474 DCCCCXLII
652 1409 737 1473 anni.
1056 1384 1270 1503 pDCCCCXLH·
1331 1388 1360 1453 (⁰⁴
1378 1383 1505 1451 diluvia)
1551 1413 1612 1475 λου
1634 1405 1675 1474 τά
1698 1402 1764 1472 ἀπὸ
1789 1402 1893 1491 Ἀδάμ
1921 1406 1982 1485 ἕως
2006 1401 2154 1490 Ἁβραάμ
2181 1404 2271 1490 γενέ-

285 1508 288 1591 l
344 1516 388 1581 Et
412 1516 453 1580 ab
475 1516 601 1581 Adamo
625 1538 724 1601 usque
748 1515 787 1579 ad
812 1515 1042 1598 cataclysmum
1127 1528 1161 1584 Η.
1379 1513 1457 1565 6228.
1551 1536 1645 1598 σεως,
1668 1510 1689 1599 ἣ
1713 1511 1795 1579 κατὰ
1818 1511 1897 1592 τοὺς
1919 1510 2062 1598 χρόνους
2082 1516 2192 1578 Νίνου
2215 1509 2271 1576 καὶ

285 1594 376 1713 {sunt
399 1644 557 1686 annornm
581 1620 804 1686 MlICCXLII.
869 1612 873 1619 ¹
1072 1606 1229 1673 slccffll·
1312 1580 1524 1721 &Affissh
1552 1620 1768 1707 Σεμιράμεως
1795 1623 1863 1686 τοῖν
1888 1617 2073 1706 Ἀσσυρίων
2105 1618 2272 1702 βασιλέων

285 1728 288 1781 ἶ
345 1728 462 1812 <Anno
482 1727 656 1792 lIthhVI
677 1729 768 1793 misit
786 1729 913 1810 litteras
933 1727 1044 1812 Abgar
1553 1725 1773 1815 ὡμολόγηται,
1788 1722 1959 1811 συντεμὼν
1974 1729 2028 1810 ἔτη
2045 1724 2158 1814 ,γρπδ’
2169 1725 2271 1812 (2242

301 1859 356 1900 rex
393 1836 534 1900 Edessae
573 1836 613 1899 ad
651 1834 817 1901 Christum
854 1835 888 1898 in
924 1839 1044 1900 terram
1554 1833 1690 1922 -1-942)
1715 1835 1918 1920 έστοιχείωσε
1938 1884 1945 1898 .
1964 1886 1998 1902 ..
2025 1835 2073 1899 12.
2102 1836 2157 1916 ἔτη
2177 1831 2213 1899 δέ
2231 1830 2271 1899 τά

300 1943 576 2026 Hierosolyma>
1552 1940 1660 2008 πάντα
1675 1940 1708 2020 ἐξ
1719 1937 1821 2026 Ἀδάμ
1835 1993 1842 2006 .
1856 1992 1864 2007 .
1878 1941 1959 2006 κατά
1974 1935 2142 2024 Εὐσέβιου4
2156 1936 2273 2028 ,εσλβῖ

345 2050 440 2113 Anno
455 2047 630 2113 MMXLIX
651 2050 828 2115 Abrahami
846 2051 949 2133 patris
968 2070 1045 2134 gen·
1073 2061 1107 2116 H.
1129 2066 1208 2117 2047.
1381 2062 1458 2114 2048.
1598 2048 1692 2135 Syna.
1713 2050 1788 2133 614,
1808 2051 1836 2114 7.
1870 2042 2000 2133 Ἰησοῦς
2022 2043 2040 2112 ὁ
2065 2043 2208 2132 Χριστὸς
2232 2041 2272 2129 <ὁ

301 2157 381 2219 tium
406 2155 461 2238 <et
486 2177 570 2218 anno
595 2154 765 2220 CCCXLII
789 2156 962 2221 Alexandri
986 2155 1046 2220 filii

302 2262 443 2346 Philippi
471 2262 678 2346 Macedonis>
707 2261 795 2327 Iesus
822 2262 971 2328 Christus
1000 2284 1045 2328 se·

302 2368 439 2433 cundum
459 2368 630 2452 profetiam
645 2370 684 2433 de
703 2392 740 2433 eo
755 2367 987 2453 (enuntiatam)
1007 2369 1047 2434 cd

302 2477 484 2561 passionem
512 2477 629 2540 allatus
658 2480 707 2540 est
736 2498 819 2541 anno
848 2476 927 2541 XIX
956 2477 1047 2562 regui

303 2583 434 2648 Tiberii.

288 2638 291 2747 i
348 2692 418 2756 Hoc
455 2712 529 2755 vero
575 2696 720 2774 tempore
758 2692 857 2754 etiam
898 2690 932 2753 in
973 2690 1047 2755 aliis

288 2750 597 2881 lmemorabilibus¹)
634 2795 828 2861 Graecorum
865 2797 1047 2861 invenimus

289 2872 383 2968 'haec
398 2902 526 2986 singula
544 2902 665 2986 scripta
683 2925 766 2968 esse:
791 2904 838 2968 sol
859 2904 1048 2968 obscuratus

304 3013 363 3088 est,
385 3007 542 3093 Bithynia
564 3013 668 3074 terrae
698 3015 788 3075 motu
812 3031 968 3075 concussa
991 3014 1050 3093 est,

305 3115 389 3200 apud
441 3115 613 3180 Niceenses
665 3122 803 3203 magnus
850 3113 1048 3203 (domorum)

304 3245 456 3288 numerus
467 3220 648 3309 concidit2),
670 3246 750 3309 quae
761 3246 811 3289 res
827 3246 865 3288 ea
878 3226 1051 3307 testantur,

290 3320 387 3445 lquae
397 3334 543 3415 tempore
554 3332 724 3396 salvatoris
739 3331 842 3396 nostri
857 3329 1050 3396 acciderunt

291 3434 445 3521 {Scripsit
462 3459 538 3502 uero
558 3437 655 3501 etiarn
674 3437 821 3523 Phlegon
840 3435 893 3522 (de
912 3436 973 3502 hac
993 3438 1051 3522 re),

291 3508 361 3659 iqui
385 3542 591 3626 Olympiades
615 3546 806 3628 composuit,
829 3544 884 3609 ubi
908 3545 941 3608 in
966 3544 1050 3608 libro

292 3647 430 3736 tdecimo
459 3650 556 3715 tertio
585 3650 633 3714 ita
666 3651 755 3715 dicit:
785 3672 869 3714 anno
893 3650 941 3714 IV
965 3648 1052 3714 CCII

292 3820 294 3825 ,
307 3755 507 3840 Olympiadis
527 3761 596 3821 erat
610 3759 737 3841 eclipsis
753 3758 831 3822 solis
847 3738 1068 3842 perlongum}

292 3867 444 3971 itempus,
463 3885 544 3947 qnae
563 3866 782 3948 praestantior
796 3864 859 3928 fnit
876 3862 953 3947 illis,
971 3883 1052 3947 quae

293 3974 405 4073 lantes
427 3969 570 4055 fuerant,
596 3976 628 4037 et
651 3975 721 4036 erat
742 3993 806 4036 nox
829 3993 887 4054 per
911 3992 965 4035 sex
989 3969 1052 4033 diei

293 4075 414 4171 :horas
433 4076 481 4140 ita
500 4081 536 4141 ut
551 4078 662 4143 stellae
680 4079 715 4142 in
729 4078 817 4144 coelo
832 4077 1052 4160 conspiceren-

293 4181 374 4264 itur3
403 4188 435 4246 et
463 4187 533 4247 erat
560 4204 697 4268 magnus
725 4181 859 4270 (terrae)
883 4186 990 4247 motus
1018 4185 1053 4246 in
1115 4204 1120 4212 ·

293 4254 465 4372 lssnhynia
489 4293 522 4352 et
539 4309 658 4374 magna
675 4288 816 4355 Nicaeae
835 4286 954 4375 (urbis)
977 4312 1052 4374 pars

293 4350 420 4485 δεκέτει
448 4398 505 4459 est
551 4395 640 4461 Haec
667 4396 717 4463 vir
743 4399 819 4481 istc,
848 4397 938 4461 cuins
966 4419 1052 4461 men·

294 4490 431 4567 itionem
446 4502 590 4585 fecimus,
609 4503 696 4569 dixit
734 4501 867 4589 Signum
887 4527 971 4588 vero,
990 4526 1053 4588 quo

295 4609 370 4717 ,hoc
386 4632 470 4674 anno
480 4632 611 4693 passum
622 4633 691 4676 esse
702 4612 897 4676 saluatorem
906 4615 1054 4677 nostrum

311 4711 576 4804 (cognoscimus),
591 4723 641 4783 est
654 4719 876 4785 testimoninm
891 4720 1056 4804 Iohannis,

202 4864 223 4900 ρ.
239 4852 283 4890 ιιι.
311 4843 374 4905 quo
394 4822 558 4906 probatur,
582 4846 665 4888 anno
685 4823 770 4888 XV*
786 4824 909 4889 Tiberii
928 4829 1055 4909 tempus

310 4928 408 4992 trium
451 4951 609 4993 annornm
646 4931 892 5014 praedicationis
934 4932 1055 4997 domini

312 5036 415 5098 nostri
444 5037 595 5119 coepisse.
643 5036 692 5100 De
719 5039 771 5102 his
798 5061 874 5103 vero
903 5039 1056 5124 tempori·

313 5139 372 5202 bus
401 5141 498 5204 etiam
527 5141 683 5227 Iosephus
712 5144 850 5229 scripsit,
874 5146 924 5210 die
943 5145 1055 5211 Pente·

313 5247 411 5311 costis
448 5248 624 5314 tumultum
668 5254 701 5314 et
738 5272 890 5336 magnum
931 5257 1055 5317 motum

314 5355 398 5418 inter
432 5356 613 5421 sacerdotes
647 5358 745 5422 fuisso
776 5362 810 5422 et
842 5366 911 5425 tum
945 5380 1056 5423 uocem

298 5440 453 5545 lvalidam
469 5484 507 5526 ex
517 5463 637 5547 templo
652 5464 803 5530 interiore
819 5466 962 5530 auditam
977 5432 1072 5547 essai

1554 2151 1625 2234 υίὸς
1653 2157 1712 2221 τοῦ
1740 2157 1826 2221 θεοῦ
1854 2150 1871 2220 δ
1900 2155 2014 2240 κύριος
2042 2149 2159 2238 ἡμῶν)
2190 2148 2273 2218 κατὰ

1553 2260 1612 2341 τάς
1633 2260 1708 2346 περὶ
1732 2256 1836 2327 αὐτοῦ
1855 2264 2058 2346 προφητείας
2081 2258 2134 2326 ἐπὶ
2157 2256 2194 2325 τὸ
2214 2256 2275 2325 πά-

1555 2379 1619 2448 θος
1640 2365 1757 2456 προῄει
1781 2370 1874 2445 ἔτους
1893 2365 1944 2432 ιδ’
1963 2369 2021 2450 τῆς
2043 2370 2198 2452 Τιβερίου
2216 2370 2274 2450 βα-

1555 2479 1687 2553 σιλείας.
1718 2469 1798 2541 καθ’
1821 2469 1862 2541 ὃν
1884 2470 2004 2558 καιρὸν
2026 2472 2081 2539 καὶ
2106 2474 2142 2540 έν
2161 2469 2275 2551 ἀλλοις

1555 2581 1617 2670 μέν
1635 2578 1850 2666 Ἑλληνικοῖς
1872 2576 2109 2665 ὑπομνήμασιν
2132 2577 2275 2664 εὕρομεν
2333 2570 2338 2577 ’

1557 2686 1778 2775 ἱστορούμενα
1796 2685 1879 2754 κατὰ
1896 2689 1985 2768 λέξιν
2004 2689 2115 2752 ταῦτα.
2146 2682 2163 2753 ὁ
2183 2683 2277 2771 ἥλιος

1557 2796 1689 2877 ἐξέλιπε.
1721 2798 1870 2861 Βιθυνία
1889 2795 2034 2878 ἐσείσθη.
2069 2797 2213 2872 Νικαίας
2235 2816 2275 2858 τα

1556 2900 1662 2970 πολλὰ
1686 2905 1811 2967 ἔπεσεν.
1841 2896 1862 2966 δ
1881 2899 1937 2966 καὶ
1956 2898 2096 2988 συνᾴδει
2114 2912 2184 2979 τοῖς
2202 2897 2278 2987 περὶ

1556 3006 1593 3077 τὸ
1617 2994 1727 3087 πάθος
1748 3010 1810 3075 τοῦ
1833 3009 1981 3091 σωτῆρος
1999 3003 2094 3091 ἡμῶν
2113 3010 2277 3093 συμβεβη-

1557 3115 1662 3184 κόσιν.
1702 3114 1824 3202 γράφει
1852 3111 1890 3180 ot
1917 3112 1972 3179 καὶ
2003 3112 2140 3198 Φλέγων
2169 3109 2186 3178 ὁ
2219 3109 2277 3190 τὰς

1558 3221 1766 3308 ὀλυμπιάδας
1789 3220 1863 3307 περὶ
1885 3223 1953 3287 των
1977 3216 2088 3286 αὐτῶν
2110 3219 2147 3285 έν
2165 3220 2210 3310 τῷ
2230 3216 2276 3304 ιγ’

1558 3329 1704 3418 ῥήμασιν
1732 3325 1845 3407 αὐτοῖς
1871 3325 1963 3394 τάδε·
1990 3329 2035 3418 τῷ
2064 3324 2098 3393 δ’
2126 3330 2190 3393 ἔτει
2220 3329 2279 3411 τῆς

1559 3434 1615 3523 οβ’
1635 3433 1843 3521 ὀλυμπιάδος
1866 3434 1995 3520 ἐγένετο
2019 3437 2163 3513 ἔκλειψις
2181 3429 2279 3518 ἡλίου

1559 3548 1694 3630 μεγίστη
1712 3546 1781 3609 τῶν
1795 3542 2016 3628 ἐγνωσμένων
2030 3539 2203 3627 πρότερον,
2224 3537 2279 3605 καί

1558 3650 1619 3730 νὺξ
1639 3647 1709 3737 ὥρα
1728 3649 1803 3736 ἕκτη
1822 3651 1881 3733 τῆς
1894 3645 2019 3736 ἡμέρας
2038 3648 2179 3734 ἐγένετο,
2197 3643 2280 3713 ὥστε

1558 3756 1613 3823 καὶ
1637 3752 1776 3840 ἀστέρας
1799 3755 1835 3821 έν
1859 3751 1993 3846 οὐρανῷ
2017 3756 2174 3839 φανῆναι.
2216 3773 2279 3819 σει-

1560 3860 1643 3948 σμός
1655 3887 1689 3928 τε
1704 3861 1806 3947 μέγας
1819 3859 1901 3928 κατὰ
1917 3865 2086 3928 Βιθυνίαν
2101 3857 2281 3944 γενόμενος

1559 3968 1599 4036 τὰ
1628 3968 1734 4036 πολλὰ
1764 3972 1907 4048 Νικαίας
1934 3966 2185 4049 κατεστρέψατο.
2224 3965 2281 4032 καὶ

1560 4079 1663 4143 ταῦτα
1678 4072 1772 4162 plui)
1793 4073 1958 4160 δηλωθεδς
1977 4069 2072 4159 ἀνήρ.
2102 4070 2280 4160 τεκμήριον

1562 4180 1592 4249 δ’
1620 4177 1664 4249 ἀν
1690 4181 1821 4267 γένοιτο
1849 4182 1910 4247 τοῦ
1937 4175 2019 4245 κατὰ
2046 4177 2184 4247 τόδετὸ
2209 4183 2281 4259 ἔτος

1560 4289 1767 4356 πεπονθέναι
1794 4286 1854 4355 τὸν
1877 4288 2010 4371 σωτῆρα
2033 4282 2054 4371 ἡ
2076 4288 2138 4353 τοῦ
2160 4290 2281 4372 κυρίου

1561 4396 1641 4463 κατά
1676 4393 1838 4481 Ἰωάννην
1874 4390 2070 4480 εὐαγγελίου
2106 4397 2282 4479 μαρτυρία,

1560 4502 1632 4588 ἥτις
1655 4499 1735 4587 μετὰ
1757 4498 1795 4567 τὸ
1824 4498 1865 4567 ιε’
1895 4505 1967 4578 ἔτος
1993 4504 2149 4587 Τιβερίου
2171 4507 2281 4586 τριετῆ

1562 4607 1687 4697 χρόνον
1714 4611 1772 4693 τῆς
1800 4609 2016 4686 διδασκαλίας
2044 4605 2149 4674 αὐτοῦ
2173 4610 2282 4691 διαγε-

1562 4717 1682 4783 νέσθαι
1705 4726 1872 4801 μαρτυρεῖ.
1905 4713 1988 4780 κατὰ
2005 4712 2084 4793 τοὺς
2102 4710 2226 4790 αὐτοὺς
2244 4710 2283 4778 δὲ

1562 4821 1705 4909 χρόνους
1719 4820 1774 4886 καὶ
1791 4817 1972 4906 Ἰοίσηππος
1987 4821 2113 4905 ἱστορεῖ
2125 4819 2161 4885 έν
2175 4814 2282 4907 ἡμέρᾳ

1562 4929 1785 5013 πεντηκοστῆς
1796 4925 1957 5013 κινήσεως
1971 4925 2026 4993 καὶ
2035 4927 2162 4992 κτύπου
2177 4924 2284 5010 ἱερέας

1562 5031 1869 5119 ἀντιλαμβάνεσθαι
1884 5036 2027 5118 πρῶτον,
2043 5036 2153 5099 ἔπειτα
2167 5033 2284 5117 φωνῆς

1564 5138 1694 5227 ἀθρόας
1716 5141 1860 5207 ἔνδοθεν
1883 5135 2023 5207 ἀκοῦσαι
2043 5135 2108 5205 ἀπὸ
2127 5141 2189 5205 τοῦ
2203 5139 2282 5206 ἐσω-

1563 5245 1664 5314 τάτου
1687 5248 1780 5332 ἱεροῦ
1805 5242 1919 5324 αὐτοῖς
1942 5242 2089 5332 βήμασιν
2114 5243 2282 5332 εἰπούσης,

1563 5357 1813 5440 μεταβαίνωμεν
1841 5353 2008 5418 ἐντεῦθεν.
2050 5351 2105 5418 καὶ
2134 5348 2217 5419 ἀλλο
2246 5349 2286 5418 δέ

1563 5484 1595 5526 τι
1623 5455 1641 5526 ὁ
1670 5454 1771 5537 αὐτὸς
1798 5457 1985 5545 ἀναγράφει
2009 5454 2206 5544 Ἰοίσηππος,
2239 5453 2284 5534 ὡς

386 5606 412 5670 1)
431 5601 632 5680 Ιμιωὸορ
705 5606 733 5674 2)
747 5607 809 5660 hm
828 5604 919 5698 Rom
939 5606 992 5670 Lm
1008 5620 1037 5679 ,o
1056 5621 1099 5675 ap.
1120 5603 1195 5659 Hier.
1214 5603 1244 5658 in
1262 5603 1330 5660 urbo
1349 5604 1455 5661 Nicaea
1472 5602 1556 5658 aedes
1575 5601 1713 5671 plurimae
1733 5600 1919 5657 conciderunt.
