4934 6526
1183 493 1400 557 ..ης-

294 686 297 833 y
595 686 770 770 Dionysius

294 816 423 878 contra
457 813 543 896 eum,
579 815 616 876 ut
648 811 771 876 bellum
805 815 944 896 gereret,
980 833 1053 876 cnm

310 940 428 1003 magno
453 920 601 984 exercitu.
642 918 687 983 Et
708 940 808 1003 quum
826 919 910 982 inter
928 940 962 983 se
980 940 1052 984 eon-

309 1029 474 1090 currerent
497 1030 530 1091 et
552 1026 676 1110 proelio
695 1023 934 1108 contenderent,
957 1023 1051 1090 Vale-

308 1134 418 1197 rianus
436 1132 540 1197 victus
560 1137 609 1196 est
628 1135 661 1196 et
679 1135 767 1196 totus
786 1131 873 1196 illius
892 1132 1052 1198 exercitus

293 1080 297 1107 Ι

307 1239 486 1304 trucidatus
519 1241 569 1303 est
600 1242 633 1303 et
664 1239 732 1322 ipse
761 1243 873 1322 captus
893 1243 958 1305 est.
1007 1239 1052 1305 Et

308 1345 511 1410 abduxerunt
532 1344 625 1409 illum
648 1346 681 1409 in
704 1345 849 1410 Persium
873 1350 968 1430 atque
991 1346 1050 1410 ibi-

308 1451 379 1516 dem
390 1452 475 1517 servi
484 1452 556 1517 loco
566 1451 747 1516 habebatur
756 1473 855 1535 usque
866 1451 906 1516 ad
914 1456 1050 1516 mortem

308 1582 409 1623 suam.
445 1558 561 1625 Persae
583 1561 681 1624 etiam
700 1558 937 1643 Cappadociam
955 1558 1050 1643 depo-

307 1666 412 1749 pulati
444 1671 519 1730 sunt
551 1670 583 1730 et
615 1668 810 1750 evertenmt,
841 1668 879 1729 ut
910 1665 1049 1750 amplius

306 1794 372 1837 non
392 1770 447 1857 (ab
466 1772 595 1853 incolis)
613 1772 816 1836 habitaretur
833 1776 866 1837 et
885 1771 983 1835 etiam
1001 1773 1049 1835 in·

308 1879 394 1942 sulas
410 1878 623 1943 occidentales
637 1883 845 1944 vastaverunt
859 1883 892 1944 et
904 1877 1049 1944 Ciliciam

306 1988 338 2048 et
359 1985 567 2050 Antiochiam
591 1986 846 2070 destruxerim>
886 1985 932 2050 Et
950 1987 990 2050 ab
1010 2008 1048 2051 eo
1076 1980 1109 2034 Η·
1128 1986 1206 2036 22⁷⁶·

304 2198 462 2263 abductus
486 2203 563 2284 erat,
583 2198 750 2264 Gallienus
765 2199 967 2265 Christianos
981 2222 1047 2265 non

304 2305 457 2370 turbavit.

348 2410 760 2499 Ann0MMOOLXX1111)
789 2415 957 2499 episcopus
980 2415 1046 2478 An·

303 2517 464 2583 tiochiae*
496 2524 627 2583 sanctus
656 2517 831 2606 Cyrillus²)
864 2523 897 2584 et
924 2520 1046 2585 Romae

302 2623 557 2711 Eutychianusl)
582 2648 640 2711 per
662 2625 741 2690 VIII
764 2649 890 2692 menses
915 2631 1044 2711 etpost

303 2752 375 2795 eum
395 2729 571 2818 Gaianus⁴)
594 2754 653 2816 per
669 2732 732 2796 XV
756 2755 866 2799 annos.
907 2735 1045 2799 Alexan-

303 2836 389 2902 driae
400 2839 526 2903 exstitit
535 2843 666 2903 sanctus
677 2838 858 2927 Theonas⁵)
868 2863 926 2925 per
934 2840 1045 2906 XVIII

303 2966 414 3008 annos.
460 2943 531 3010 Hoc
558 2950 703 3028 tempore
731 2946 955 3013 subversiones
979 2953 1045 3013 tur·
1072 2938 1105 2996 Η·
1125 2944 1203 2995 229⁶·

301 3050 451 3115 buleutae
461 3051 722 3116 Manichaeorum
734 3053 768 3115 in
777 3054 934 3119 mundum
944 3056 1044 3120 intra·

301 3159 389 3223 bant.
436 3157 520 3242 <Hic
543 3180 616 3223 vero
635 3157 724 3223 Mani
747 3163 843 3277 gente
864 3163 993 3228 arabica
1012 3168 1045 3229 et

300 3266 440 3330 barbara
459 3271 529 3331 erat
546 3271 579 3330 et
597 3267 631 3331 in
650 3273 770 3331 terram
784 3266 928 3352 Aegypti
946 3268 1044 3335 iutra·

301 3373 347 3437 vit
361 3378 393 3436 et
407 3370 482 3460 (ibi)
498 3374 678 3438 doctrinam
693 3396 784 3440 suam
794 3377 996 3460 propagavit,
1012 3381 1044 3441 et

300 3480 443 3564 corrupit
458 3477 633 3567 (homines)
648 3484 754 3544 sectae
769 3503 845 3546 suae
863 3482 1043 3548 daemonia-

300 3607 356 3650 cae
374 3608 431 3671 per
446 3587 579 3651 verbum
594 3587 743 3670 stultum,
766 3588 850 3671 quod
864 3590 985 3672 prodiit
1004 3613 1043 3656 ex

300 3693 408 3758 animo
428 3715 486 3758 suo
506 3698 538 3758 et
552 3691 607 3779 (ad
622 3691 710 3777 illos)
730 3694 901 3778 [transiit3]
920 3699 953 3759 et
967 3694 1041 3781 (ita)

298 3800 442 3865 animum
462 3824 555 3866 suum
574 3801 640 3865 illis
659 3801 746 3866 dedit
765 3803 819 3886 qui
839 3801 901 3865 sibi
920 3802 1041 3867 similes

299 3911 400 3973 erant.
443 3907 489 3972 Et
511 3907 635 3973 studuit
657 3908 901 3972 similitudinem
921 3909 1041 3973 domini

298 4015 402 4078 nostri
421 4015 455 4078 in
474 4016 583 4080 animo
601 4036 657 4079 suo
672 4015 841 4079 ostendere
856 4021 888 4080 et
900 4039 1040 4100 pronun-

298 4121 394 4185 tiavit
412 4121 450 4185 de
470 4143 512 4200 se,
532 4143 566 4185 se
585 4143 655 4185 esse
670 4123 818 4205 spiritum
833 4123 1041 4204 paracletum.

297 4224 342 4289 Et
365 4229 506 4291 amentia
529 4250 587 4292 sua
610 4228 716 4291 elatus
740 4231 790 4291 est
811 4232 843 4291 et
862 4228 960 4311 elegit
978 4228 1041 4292 sibi

298 4331 465 4398 duodecim
489 4333 662 4417 discipulos
685 4333 830 4417 exemplo
851 4331 1002 4417 Christi.)

343 4439 439 4506 Anno
488 4438 748 4506 MMCCLXXVI
804 4442 873 4504 erat
921 4438 1040 4504 Paulus
1068 4445 1101 4500 H.
1121 4451 1199 4503 227⁷.

320 2112 433 2176 cuper
479 2115 542 2177 quo
559 2092 752 2158 Valerianus
771 2094 806 2157 in
826 2094 1046 2176 captivitatem

196 2544 218 2582 p.

283 4545 563 4635 'Samosatenus⁶)
588 4549 755 4633 episcopus
779 4545 980 4612 Antiochiae.

342 4655 437 4719 Anno
461 4653 702 4721 MMCCLXXX
730 4658 800 4718 erat
825 4654 1040 4718 Alexandriae
1067 4640 1101 4766 ff
1118 4647 1198 4769 ἓξὲξ·

282 4761 468 4845 ‘episcopus
491 4761 652 4826 Maximus
675 4783 732 4844 per
750 4760 797 4826 IX
819 4782 930 4845 annos,

343 4869 417 4931 etin
433 4868 567 4933 ecclesia
580 4867 728 4932 Romana
738 4872 807 4931 erat
821 4873 951 4932 sanctus
963 4865 1041 4931 Dio·
1066 4871 1099 4994 ᾖ.
1119 4877 1197 4998 ἓξὲξ.

297 4975 419 5057 nysius,

341 5079 588 5164 Hierosolymae
611 5083 681 5144 erat
702 5078 917 5164 Hymenaeus.
1066 5070 1100 5190 ff
1119 5074 1197 5194 {gg}

342 5294 460 5378 <Anno
479 5291 727 5358 MMOCLXXII
742 5293 885 5378 synodus
901 5291 1037 5358 Cartha·

296 5439 506 5447 ...ψ-ψ..-

1108 698 1134 742 a
1153 683 1265 744 hieron.
1321 698 1347 742 a.
1365 698 1440 742 vers.
1454 683 1531 741 Aru.

1840 689 1998 757 Eusebius

1600 2940 1695 3027 Syna.
1707 2944 1779 3028 723,
1790 2945 1820 3009 5.
1843 2946 1888 3034 τῷ
1899 2941 1933 3009 d'
1944 2947 2009 3010 ἔτει
2019 2942 2190 3032 Πρόβουὴ
2204 2948 2273 3014 τῶν

1554 3049 2273 3138 μανίντωνΜανιχαίωνκανώλεθροςιιανοί·

1553 3161 1625 3221 λεια
1638 3158 1684 3246 τῷ
1698 3158 1765 3223 τῶν
1778 3152 1971 3242 ἀνθρώπων
1980 3157 2189 3245 παρεισήχθη
2200 3165 2272 3248 βίῳ.

1598 3264 1919 3349 <Euseb.H.E.V11,
1933 3267 1985 3350 31,
1999 3263 2168 3354 βάρβαρος
2186 3272 2271 3354 δῆτα

1551 3367 1611 3436 τὸν
1631 3374 1707 3455 βίον
1727 3366 1817 3463 αὐτῷ
1836 3369 1923 3462 λόγῳ
1942 3369 2139 3464 eutrociae),
2159 3373 2220 3460 τη’ν
2236 3400 2269 3442 τι

1552 3475 1658 3563 φύσιν
1677 3477 1871 3564 ὃαιμονικός
1888 3504 1937 3558 τις
1956 3474 2004 3546 ὢν
2018 3479 2074 3546 καὶ
2089 3478 2270 3567 μανιώδης,

1551 3581 1725 3651 ἀκόλουθα
1756 3585 1886 3664 τούτοις
1918 3587 2087 3673 ἐγχειρῶν,
2124 3585 2270 3673 Χριστὸν

1550 3687 1656 3758 αὐτὸν
1679 3690 1910 3777 μορφαζεσθαι
1930 3695 2092 3779 ἐπειρᾶτο,
2116 3693 2188 3761 τότε
2208 3694 2269 3780 μὲν

1548 3794 1609 3864 τὸν
1637 3796 1860 3883 παράκλητον,
1887 3798 1943 3866 καὶ
1972 3796 2052 3866 αὐτὸ
2077 3797 2114 3866 τὸ
2138 3805 2269 3888 πνεῦμα

1549 3901 1587 3971 τὸ
1618 3903 1717 3989 ἅγιον
1744 3902 1846 3983 αὐτος
1873 3901 1994 3971 ἑαυτὸν
2017 3902 2267 3993 ἀνακηρύττων,

1549 4010 1604 4076 καὶ
1628 4010 1838 4098 τυφούμινός
1860 4037 1898 4097 με
1921 4011 1973 4079 ἐπὶ
1997 4015 2036 4100 τῇ
2058 4017 2171 4104 μανίᾳ,
2195 4011 2268 4082 τότε

1550 4116 1598 4202 δὲ,
1613 4111 1669 4186 οἷα
1679 4117 1830 4206 Χριστὸς,
1845 4116 1997 4205 μαθητὰς
2011 4116 2141 4186 δώδεκα
2151 4145 2268 4187 κοινω-

1548 4224 1630 4304 νοὺς
1651 4229 1710 4312 τῆς
1732 4232 1945 4312 καινοτομίας
1967 4223 2196 4312 αίρούμενος.)

1594 4439 1686 4523 Syna.
1698 4441 1771 4521 714,
1785 4440 1834 4503 14.
1854 4433 2052 4522 Ἀντιοχείας
2064 4435 2106 4503 ιε’
2117 4438 2165 4504 ἐκ.
2175 4440 2267 4505 Παῦ-

1462 4585 1464 4589 <
1548 4551 1606 4624 λος
1629 4544 1647 4611 ὁ
1671 4541 1888 4630 Σαμοσατεὺς
1913 4547 1967 4628 ἔτη
1987 4543 2031 4628 η’.

1594 4651 1689 4736 Syna.
1718 4655 1795 4737 714,
1821 4653 1870 4718 19.
1904 4646 2152 4736 Ἀλεξανδρείας
2179 4651 2265 4737 (ιε’)

1549 4759 1597 4826 ἑτι.
1620 4755 1775 4844 Μάξιμος
1797 4763 1852 4843 ἔτη
1875 4756 1919 4844 η’.

1593 4866 1687 4951 Sync.
1703 4869 1777 4951 714,
1795 4868 1842 4932 12.
1861 4861 1987 4950 Ῥώμης
2002 4864 2098 4950 <κς’>
2118 4867 2165 4932 ἐκ.
2185 4874 2265 4932 Διο-

1546 4971 1662 5051 νύσιος
1685 4976 1740 5057 ἔτη
1764 4969 1808 5056 η’.

1593 5080 1687 5166 Syna.
1699 5081 1772 5164 725,
1785 5081 1834 5145 16.
1849 5074 2092 5163 Ἱεροσολύμων
2108 5076 2205 5163 (λη’)
2217 5078 2264 5144 ἐκ.

1543 5182 1715 5271 Ὑμέναιος
1738 5189 1793 5269 ἔτη
1818 5183 1870 5269 ιβ’.

368 5527 394 5594 1)
414 5523 527 5580 Rectim
546 5523 658 5578 eosdem
677 5521 822 5592 episcopos
840 5522 968 5575 recenset
986 5518 1136 5590 Dionysius
1150 5536 1174 5577 a.
1190 5526 1260 5577 2298
1278 5538 1325 5592 μς.
1342 5526 1418 5577 1888.
1447 5520 1502 5591 (G.)
1576 5524 1603 5591 8)
1622 5526 1764 5594 monton.
1829 5526 1855 5592 8)
1870 5522 2030 5600 §mangot
2094 5525 2121 5591 4)
2136 5521 2264 5615 gran&

295 5615 323 5685 8)
342 5615 441 5686 such.
515 5614 542 5681 6)
561 5622 677 5690 aem
694 5612 761 5671 uos.
