4934 6526
581 664 753 748 Dionysius

194 835 217 872 ν.
227 823 272 865 151·
302 810 349 874 illi
368 806 647 895 exprobrabatur*
666 806 751 891 quod
770 808 940 898 zelotypus
952 812 1045 871 esset

301 916 384 981 Tum
406 918 460 982 ille
484 937 555 981 eam
578 916 612 978 in
633 913 773 978 medium
792 913 944 998 produxit
963 919 995 979 et
1014 915 1044 978 ei

301 1023 462 1107 permisit,
484 1025 521 1086 ut
539 1011 590 1086 c'ui
609 1020 705 1085 vellet
724 1042 757 1084 se
777 1021 875 1085 daret.
907 1018 992 1084 Nam
1012 1020 1044 1084 id

303 1130 386 1216 quod
411 1130 449 1194 de
471 1128 678 1212 simplicitate
696 1125 865 1214 (naturali)
885 1127 1043 1211 cupidinis

302 1237 499 1319 dictumest,
521 1235 556 1300 bi
577 1238 720 1299 errantes
740 1234 913 1298 secundum
932 1255 1043 1298 eorum

301 1342 469 1408 libidinem
492 1344 652 1426 peragunt
675 1345 708 1404 et
726 1340 847 1405 dicunt:
872 1340 911 1404 de
929 1340 991 1405 hac
1009 1363 1043 1405 re

300 1450 548 1535 praescripsisse
586 1444 824 1533 (scripturam),
865 1450 902 1510 ut
938 1447 1042 1512 iustus

301 1557 355 1620 det
383 1557 512 1641 corpori
540 1577 598 1620 suo
626 1554 769 1639 requiem
796 1576 902 1636 suam,
933 1552 1042 1637 itaque

301 1665 501 1728 dominatum
535 1663 583 1726 illi
615 1661 782 1745 praebent,
820 1660 896 1744 quia
928 1663 977 1723 est
1008 1661 1042 1724 in

300 1771 409 1836 debito
427 1768 561 1852 christi,
584 1790 657 1833 cum
679 1788 773 1832 nemo
797 1766 900 1851 possit
924 1765 1042 1832 servire

300 1876 423 1942 duobus
453 1875 592 1941 dominis
621 1874 743 1939 scilicet
768 1873 886 1938 servire
910 1873 1041 1937 domino

299 1986 409 2048 nostro
433 1987 467 2047 et
484 1981 620 2064 mulieri,
643 1981 677 2045 hi
696 1980 823 2065 quidem
842 2002 859 2044 e
879 1979 1040 2045 contrario

300 2095 403 2174 agunt
430 2093 611 2154 scortantes
640 2088 708 2152 sine
735 2087 866 2171 pudore.
912 2084 1041 2169 Omnes,

300 2197 355 2280 qui
386 2196 481 2261 huius
514 2199 619 2260 sectae
652 2195 793 2259 asseclae
824 2193 1041 2277 nominantur,

299 2303 416 2367 docent
437 2324 496 2367 nos
520 2302 558 2366 de
581 2301 638 2365 illo
657 2300 803 2384 Nicolao,
826 2321 898 2364 eum
923 2300 963 2364 ab
982 2299 1039 2364 ilio

298 2407 348 2471 die
385 2412 417 2472 et
448 2430 545 2494 porro
578 2408 678 2472 vitam
711 2429 802 2471 suam
833 2407 869 2471 in
900 2406 1040 2490 puritate

297 2515 401 2600 ess'lsse
427 2517 460 2579 et
481 2515 585 2578 filium
608 2537 645 2580 ac
662 2515 746 2580 filias
767 2515 835 2580 eius
854 2513 1059 2599 inwirgini:

296 2624 364 2686 tate
387 2621 563 2707 senuisse>

340 3914 438 3981 Anno
465 3914 592 3981 MMCX
627 3908 799 4001 imperavit
824 3914 1039 4000 Domitianus,

297 4027 334 4087 ut
355 4023 609 4088 interficerentur
633 4045 743 4089 omnes
765 4022 790 4087 ii
812 4021 868 4109 qui
890 4045 910 4088 a
937 4023 1037 4106 stirpe

297 4128 403 4198 David
422 4128 550 4196 oriundi
568 4135 684 4214 essent,
707 4152 746 4195 ne
765 4129 836 4214 quis
856 4130 1039 4214 superesset

298 4236 353 4321 qui
375 4258 511 4322 regnum
530 4237 720 4302 Iudaeorum
744 4239 925 4320 occuparet.

341 4786 451 4870 <Inter
487 4809 542 4852 eos
570 4785 921 4871 comprehendebantur
938 4787 1037 4850 etiam

298 4915 409 4959 omnes
418 4893 478 4958 filii
488 4893 593 4980 gentis
607 4892 750 4976 Iosephi,
764 4892 873 4956 mariti
883 4890 1037 4976 Marisa>

341 5337 438 5403 Anno
466 5333 625 5402 MMOXII
653 5338 747 5421 signa
774 5356 893 5421 magna
915 5334 1037 5401 Romae
1064 5358 1099 5414 Η,
1117 5363 1195 5414 2112.

297 5449 329 5509 et
352 5447 386 5508 in
408 5447 478 5509 tota
500 5447 585 5508 terra
607 5442 805 5508 videbantur.
850 5441 1036 5527 Eodemque

288 5574 371 5618 anno
394 5549 600 5616 Domitianus
628 5551 663 5614 in
691 5550 814 5634 palatio
842 5549 1035 5615 interfectus

1178 469 1395 534 „50-

1101 675 1127 718 a.
1147 660 1258 720 Hieron.
1313 676 1338 720 s.
1358 677 1433 720 vers.
1447 640 1524 721 λεν.

1831 662 1989 730 Eusebius

1551 802 1596 890 μὴ
1610 804 1665 871 καί
1679 803 1716 872 τὸ
1732 810 1910 891 βαλανεῖον
1926 805 2085 892 συμπέσῃ,
2101 809 2200 872 ἔνδον
2213 805 2267 873 όν-

1551 936 1607 988 τος
1618 917 1796 997 Κηρίνθου
1805 916 1865 979 τοῦ
1875 915 1933 997 τῆς
1942 909 2101 995 ἀληθείας
2111 912 2268 997 έχθροῦέί.

1551 1019 1659 1084 XXIX
1681 1016 1786 1085 1.Ἐπὶ
1797 1018 1904 1109 τοίτῳ
1916 1021 1999 1103 δῆτα
2009 1019 2063 1084 καὶ
2074 1015 2093 1103 ἡ
2106 1021 2267 1105 λεγομένη

1551 1127 1618 1190 τῶν
1628 1127 1841 1193 Νικολαϊτῶν
1850 1128 1976 1211 αἵρεσις
1986 1125 2038 1192 ἐπὶ
2048 1124 2270 1214 σμικρότατον

1552 1231 1693 1316 συνέστη
1701 1229 1837 1318 χρόνον,
1847 1222 1887 1317 ἧς
1900 1230 1940 1318 δίη
1949 1229 2031 1319 καὶὴ
2040 1231 2269 1300 τοῦἸωάννον

1548 1331 1766 1418 Ἀποκάλυψις
1773 1337 1983 1425 μνημονεύει.
1994 1331 2268 1408 οὖτοιΝικόλαον

1551 1444 1609 1509 ἕνα
1632 1448 1700 1511 τῶν
1719 1441 1804 1531 ἀμφὶ
1822 1443 1883 1512 τὸν
1900 1449 2078 1532 Στέφανον
2099 1446 2268 1514 διακόνων

1550 1549 1633 1636 πρὸς
1646 1555 1715 1618 τῶν
1729 1550 1925 1619 ἀποστόλων
1940 1551 1992 1620 ἐπὶ
2006 1556 2045 1641 τῇ
2059 1556 2126 1620 τῶν
2142 1555 2268 1622 ένδεῶν

1549 1664 1713 1750 θεραπείᾳ
1736 1662 2055 1746 προκεχειρισμένων
2073 1652 2267 1746 ηὔχουν...

1551 1767 1580 1830 2.
1596 1761 1724 1851 ἀραίαν
1739 1780 1880 1851 γυναῖκα
1900 1771 1985 1854 ἔχων
2000 1757 2098 1844 οὗτος
2111 1764 2191 1852 μετά
2205 1766 2267 1852 τὴν

1550 1868 1720 1956 ἀνάληψιν
1747 1869 1808 1958 τὴν
1835 1876 1895 1940 τοῦ
1924 1871 2178 1958 σωτῆροςπρὸς
2200 1883 2267 1939 τῶν

1550 1974 1745 2046 ἀποστόλων
1774 1977 1976 2058 ὀνειδισθεὶς
2000 1983 2198 2063 ζηλοτυπίαν
2222 1984 2269 2058 είς

1550 2086 1653 2171 μέσον
1680 2083 1818 2171 ἀγαγὼν
1844 2083 1905 2171 τὴν
1933 2098 2074 2171 γυναῖκα
2097 2089 2200 2171 γῆμαι
2221 2089 2267 2176 τῷ

1549 2193 1742 2284 βουλομένῳ
1773 2193 1957 2277 ἐπέτρεψεν.
1986 2189 2179 2260 ἀκόλουθον
2203 2191 2267 2279 γὰρ

1549 2294 1639 2365 εἷναί
1663 2319 1745 2385 φασι
1773 2295 1835 2383 τὴν
1861 2300 1982 2384 πρᾶξιν
2009 2298 2133 2384 ταύτην
2158 2301 2267 2387 ἐκείνη

1547 2408 1587 2492 τῇ
1606 2408 1714 2492 φωνῇ,
1733 2408 1771 2492 τῇ
1791 2403 1842 2470 ότι
1860 2406 2096 2490 παραχρᾶσθαι
2114 2408 2153 2493 τῇ
2170 2406 2268 2489 σαρκὶ

1549 2512 1608 2577 δεῖ.
1635 2508 1690 2577 καὶ
1719 2507 1760 2597 δὴ
1789 2509 2141 2596 κατακολουθήσαντες
2163 2514 2208 2603 τῷ
2232 2537 2267 2579 τε

1547 2617 1710 2708 εἰρημένῳ
1730 2613 1841 2696 ἁπλῶς
1858 2616 1913 2683 καὶ
1927 2615 2157 2701 ἀβασανίστως
2173 2615 2267 2684 ἀναί-
2299 2677 2302 2680 ,

1548 2725 1612 2808 δην
1627 2721 1889 2809 έκπορνεόουσιν
1905 2726 1939 2791 od
1951 2722 2013 2810 τὴν
2023 2726 2152 2809 αἳρεσιν
2162 2722 2267 2793 αὐτοῦ

1547 2827 1715 2914 μετιόντες
1729 2832 1749 2895 3
1751 2880 1810 2897 .....
1820 2830 1875 2897 καλ
1889 2827 1910 2916 ἡ
1922 2829 2092 2916 έγκράτεια
2101 2835 2169 2899 τῶν
2179 2855 2266 2917 περι-

1548 2933 1770 3002 σπουδάστων
1801 2933 1936 3020 ἡδονῶν
1964 2935 2001 3004 τὸ
2031 2942 2267 3025 παραχρᾶσθαι

1546 3045 1585 3130 τῇ
1605 3040 1702 3127 σαρκὶ
1722 3043 1905 3109 έδίδασκεν.
1929 3041 2049 3129 οὐγὰρ
2065 3041 2156 3131 οἶμαι
2172 3044 2266 3130 έβοό-

1546 3156 1620 3216 λετο
1634 3147 1716 3215 κατὰ
1730 3145 1791 3233 τὴν
1805 3149 1866 3215 τοῦ
1880 3159 2029 3235 σωτῆρος
2039 3149 2177 3236 ἐντολὴν
2188 3152 2265 3218 δυσὶ

1546 3261 1674 3340 κυρίοις
1689 3254 1873 3340 δουλεύειν,
1892 3251 1998 3344 ἡδονῇ
2018 3255 2073 3322 καὶ
2091 3262 2265 3348 nuptm...

1546 3360 1763 3449 πυνθάνομαι
1788 3361 1818 3429 δ’
1846 3360 1909 3448 ἐγὼ
1933 3359 1992 3429 τὸν
2012 3361 2183 3430 Νικόλαον
2207 3389 2264 3450 μη-

1548 3471 1644 3557 δεμιᾷ
1673 3468 1767 3558 ἑτέρᾳ
1789 3465 1868 3555 παρ’
1893 3465 1936 3554 ἣν
1960 3473 2060 3556 ἔγημε
2082 3474 2266 3556 κεχρῆσθαι

1546 3576 1692 3661 γυναικὶ,
1711 3579 1779 3643 τῶν
1797 3601 1832 3642 τε
1849 3576 1979 3642 ἐκείνου
1992 3577 2119 3644 τέκνων
2133 3576 2191 3656 τὰς
2205 3575 2265 3663 μέν

1546 3687 1685 3769 θηλείας
1697 3679 1924 3766 καταμηράσαι
1939 3683 2141 3768 παρθένους,
2156 3681 2265 3770 ἀφθο-

1548 3814 1610 3874 ρον
1634 3786 1671 3854 δέ
1694 3789 1862 3873 διαμεῖναι
1884 3783 1944 3853 τὸν
1968 3786 2076 3872 νίόν.>

1592 3912 1686 3999 Syna.
1700 3913 1775 3997 650,
1792 3916 1840 3978 11.
1864 3909 2072 3996 Δομετιανὸς
2098 3909 2177 3991 τοὺς
2199 3910 2265 3982 ἀπὸ

1547 4019 1666 4104 γένους
1685 4018 1798 4103 Δαβὶδ
1819 4013 2031 4104 ἀναιρεῖσθαι
2055 4020 2265 4105 προσέταξεν,

1547 4128 1603 4193 ἵνα
1626 4123 1670 4212 μή
1694 4151 1743 4204 τις
1763 4121 1936 4193 Ἰουδαίων
1954 4127 2129 4208 βασιλικοῦ
2147 4126 2267 4211 γένους

1546 4230 1746 4318 ἀπολειφθῇ.
1775 4232 1849 4299 Chr.
1864 4234 1898 4300 P.
1912 4235 1987 4317 468,
2001 4235 2029 4299 3.
2059 4231 2266 4318 Δομετιανὸς

1546 4336 1624 4417 τοὺς
1655 4335 1719 4405 ἀπὸ
1757 4339 1875 4423 μένους
1908 4338 2021 4424 Δαβὶδ
2053 4335 2267 4424 ἀναιρεῖσθαι

1546 4445 1761 4531 προσέταξεν,
1789 4445 1846 4510 ἵνα
1873 4441 1992 4529 μήτις
2021 4446 2174 4534 διᾳμείνη
2198 4443 2267 4513 διά·

1547 4556 1645 4638 δοχος
1685 4560 1743 4636 τῆς
1783 4553 1850 4618 τῶν
1884 4546 2059 4619 Ἰουδαίων
2095 4557 2267 4640 βασιλικῆς

1546 4662 1663 4745 φυλῆς·

1591 4784 1668 4868 <cin
1683 4784 1760 4850 uus.
1773 4782 1861 4850 Ha.
1875 4782 1933 4868 III,
1948 4786 2000 4868 20,
2017 4787 2045 4850 1.
2063 4786 2111 4849 ἔτι
2125 4781 2162 4850 δὲ
2176 4789 2266 4866 περί-

1546 4892 1632 4974 ἦσαυ
1656 4890 1692 4956 oi
1711 4885 1776 4956 ἀπὸ
1794 4887 1914 4974 γένους
1931 4892 1992 4956 τοῦ
2010 4893 2129 4974 κυρίου
2146 4889 2266 4957 υἱωνοὶ

1543 4993 1666 5081 Ἰοόδα,
1681 4997 1742 5061 τοῦ
1755 4992 1837 5061 κατὰ
1853 4993 1958 5082 σάρκα
1968 4996 2150 5081 λεγομένου
2160 4991 2265 5064 αὐτοῦ

1546 5099 1711 5188 ἀδελφοῦ,
1749 5097 1808 5180 οὓς
1845 5099 2110 5188 έδηλατόρενσαν
2148 5102 2193 5182 ὡς
2229 5104 2265 5170 έκ

1547 5209 1665 5295 γένους
1689 5205 1789 5287 ὄντας
1812 5209 1954 5294 Δαβίδ.>

1468 5402 1470 5406 ,
1592 5332 1774 5420 Synodbl,
1791 5335 1840 5400 18.
1867 5328 1924 5398 Ἐν
1956 5330 2054 5420 Ριόμη
2087 5339 2266 5420 θεοσημίαι

1547 5438 1666 5506 πολλαὶ
1694 5437 1749 5504 καὶ
1776 5434 1855 5504 καθ’
1885 5435 1965 5523 ὅλης
1986 5441 2045 5523 τῆς
2068 5442 2265 5525 οἰκουμένης

1547 5543 1735 5630 γεγόνασιν.
