<?xml version="1.0" encoding="UTF-8"?>
<!DOCTYPE html PUBLIC "-//W3C//DTD XHTML 1.0 Transitional//EN"
    "http://www.w3.org/TR/xhtml1/DTD/xhtml1-transitional.dtd">
<html xmlns="http://www.w3.org/1999/xhtml" xml:lang="en" lang="en">
 <head>
  <title>
</title>
<meta http-equiv="Content-Type" content="text/html;charset=utf-8" />
  <meta name='ocr-system' content='tesseract 3.04.00' />
  <meta name='ocr-capabilities' content='ocr_page ocr_carea ocr_par ocr_line ocrx_word'/>
</head>
<body>
  <div class='ocr_page' id='page_1' title='image "./eusebiicanonume00sieggoog_0012.png"; bbox 0 0 4934 6526; ppageno 0'>
   <div class='ocr_carea' id='block_1_1' title="bbox 1077 517 1301 573">
    <p class='ocr_par' dir='ltr' id='par_1_1' title="bbox 1077 517 1301 573">
     <span class='ocr_line' id='line_1_1' title="bbox 1077 517 1301 573; baseline 0.004 -1"><span class='ocrx_word' id='word_1_1' title='bbox 1077 517 1301 573; x_wconf 92' lang='lat' dir='ltr'>—Vll-</span> 
     </span>
    </p>
   </div>
   <div class='ocr_carea' id='block_1_2' title="bbox 205 703 2174 2086">
    <p class='ocr_par' dir='ltr' id='par_1_2' title="bbox 205 703 2174 1858">
     <span class='ocr_line' id='line_1_2' title="bbox 365 703 2174 792; baseline 0 -20"><span class='ocrx_word' id='word_1_2' title='bbox 365 706 412 792; x_wconf 79' lang='lat' dir='ltr'>II)</span> <span class='ocrx_word' id='word_1_3' title='bbox 437 706 600 772; x_wconf 75' lang='lat' dir='ltr'>Nonnulla</span> <span class='ocrx_word' id='word_1_4' title='bbox 622 706 723 770; x_wconf 91' lang='lat' dir='ltr'>habet</span> <span class='ocrx_word' id='word_1_5' title='bbox 745 727 827 789; x_wconf 88' lang='lat' dir='ltr'>quae</span> <span class='ocrx_word' id='word_1_6' title='bbox 851 705 963 769; x_wconf 85' lang='lat' dir='ltr'>eadem</span> <span class='ocrx_word' id='word_1_7' title='bbox 986 705 1039 768; x_wconf 82' lang='lat' dir='ltr'>rel</span> <span class='ocrx_word' id='word_1_8' title='bbox 1063 726 1083 768; x_wconf 87' lang='lat' dir='ltr'>a</span> <span class='ocrx_word' id='word_1_9' title='bbox 1107 703 1252 788; x_wconf 89' lang='lat' dir='ltr'>Syncello</span> <span class='ocrx_word' id='word_1_10' title='bbox 1276 706 1369 769; x_wconf 87' lang='lat' dir='ltr'>vela</span> <span class='ocrx_word' id='word_1_11' title='bbox 1393 705 1548 790; x_wconf 82' lang='lat' dir='ltr'>Gregorio</span> <span class='ocrx_word' id='word_1_12' title='bbox 1569 707 1815 791; x_wconf 85' lang='lat' dir='ltr'>Abulpliaragio</span> <span class='ocrx_word' id='word_1_13' title='bbox 1839 706 2027 770; x_wconf 88' lang='lat' dir='ltr'>afferuntur.</span> <span class='ocrx_word' id='word_1_14' title='bbox 2073 705 2174 772; x_wconf 88' lang='lat' dir='ltr'>Velut</span> 
     </span>
     <span class='ocr_line' id='line_1_3' title="bbox 207 809 2172 897; baseline -0.001 -18"><span class='ocrx_word' id='word_1_15' title='bbox 207 814 246 879; x_wconf 88' lang='lat' dir='ltr'>ad</span> <span class='ocrx_word' id='word_1_16' title='bbox 276 836 304 879; x_wconf 91' lang='lat' dir='ltr'>a.</span> <span class='ocrx_word' id='word_1_17' title='bbox 332 815 410 879; x_wconf 91' lang='lat' dir='ltr'>Abr.</span> <span class='ocrx_word' id='word_1_18' title='bbox 443 816 504 878; x_wconf 83' lang='grc'>176</span> <span class='ocrx_word' id='word_1_19' title='bbox 533 819 676 897; x_wconf 79' lang='lat' dir='ltr'>enarrat,</span> <span class='ocrx_word' id='word_1_20' title='bbox 703 812 911 877; x_wconf 81' lang='lat' dir='ltr'>Antiochiam</span> <span class='ocrx_word' id='word_1_21' title='bbox 938 835 958 877; x_wconf 89' lang='lat' dir='ltr'>a</span> <span class='ocrx_word' id='word_1_22' title='bbox 988 809 1073 877; x_wconf 88' lang='lat' dir='ltr'>Caso</span> <span class='ocrx_word' id='word_1_23' title='bbox 1101 817 1133 876; x_wconf 91' lang='lat' dir='ltr'>et</span> <span class='ocrx_word' id='word_1_24' title='bbox 1156 810 1249 894; x_wconf 92' lang='lat' dir='ltr'>Belo,</span> <span class='ocrx_word' id='word_1_25' title='bbox 1276 809 1389 876; x_wconf 83' lang='lat' dir='ltr'>Inachi</span> <span class='ocrx_word' id='word_1_26' title='bbox 1417 813 1506 893; x_wconf 89' lang='lat' dir='ltr'>filiis,</span> <span class='ocrx_word' id='word_1_27' title='bbox 1535 813 1697 879; x_wconf 89' lang='lat' dir='ltr'>conditam</span> <span class='ocrx_word' id='word_1_28' title='bbox 1726 835 1808 896; x_wconf 87' lang='lat' dir='ltr'>esse,</span> <span class='ocrx_word' id='word_1_29' title='bbox 1835 811 1920 897; x_wconf 89' lang='lat' dir='ltr'>quod</span> <span class='ocrx_word' id='word_1_30' title='bbox 1948 816 1980 876; x_wconf 91' lang='lat' dir='ltr'>et</span> <span class='ocrx_word' id='word_1_31' title='bbox 2003 811 2172 897; x_wconf 89' lang='lat' dir='ltr'>Syncellus</span> 
     </span>
     <span class='ocr_line' id='line_1_4' title="bbox 206 916 2174 1006; baseline -0.001 -21"><span class='ocrx_word' id='word_1_32' title='bbox 206 942 260 1006; x_wconf 91' lang='lat' dir='ltr'>pg.</span> <span class='ocrx_word' id='word_1_33' title='bbox 284 921 346 985; x_wconf 83' lang='grc'>237</span> <span class='ocrx_word' id='word_1_34' title='bbox 372 926 405 985; x_wconf 90' lang='grc'>91</span> <span class='ocrx_word' id='word_1_35' title='bbox 427 921 578 1004; x_wconf 80' lang='grc' dir='ltr'>11ρί10119</span> <span class='ocrx_word' id='word_1_36' title='bbox 602 917 697 1004; x_wconf 88' lang='lat' dir='ltr'>Syria</span> <span class='ocrx_word' id='word_1_37' title='bbox 721 939 773 1004; x_wconf 89' lang='lat' dir='ltr'>pg.</span> <span class='ocrx_word' id='word_1_38' title='bbox 797 920 861 984; x_wconf 84' lang='grc'>223</span> <span class='ocrx_word' id='word_1_39' title='bbox 886 920 1060 983; x_wconf 82' lang='lat' dir='ltr'>memoriae</span> <span class='ocrx_word' id='word_1_40' title='bbox 1083 918 1233 1002; x_wconf 83' lang='lat' dir='ltr'>produnt.</span> <span class='ocrx_word' id='word_1_41' title='bbox 1279 919 1374 982; x_wconf 89' lang='lat' dir='ltr'>Anno</span> <span class='ocrx_word' id='word_1_42' title='bbox 1394 919 1471 983; x_wconf 89' lang='lat' dir='ltr'>Abr.</span> <span class='ocrx_word' id='word_1_43' title='bbox 1498 916 1616 1000; x_wconf 79' lang='lat'>1285¹)</span> <span class='ocrx_word' id='word_1_44' title='bbox 1641 924 1724 983; x_wconf 89' lang='lat' dir='ltr'>teste</span> <span class='ocrx_word' id='word_1_45' title='bbox 1742 918 1900 1004; x_wconf 91' lang='lat' dir='ltr'>Dionysio</span> <span class='ocrx_word' id='word_1_46' title='bbox 1924 920 2072 984; x_wconf 90' lang='lat' dir='ltr'>conditae</span> <span class='ocrx_word' id='word_1_47' title='bbox 2097 925 2174 984; x_wconf 89' lang='lat' dir='ltr'>sunt</span> 
     </span>
     <span class='ocr_line' id='line_1_5' title="bbox 205 1023 2173 1113; baseline 0.001 -22"><span class='ocrx_word' id='word_1_48' title='bbox 205 1027 240 1091; x_wconf 92' lang='lat' dir='ltr'>in</span> <span class='ocrx_word' id='word_1_49' title='bbox 263 1025 375 1092; x_wconf 84' lang='lat' dir='ltr'>Sicilia</span> <span class='ocrx_word' id='word_1_50' title='bbox 397 1027 558 1113; x_wconf 90' lang='lat' dir='ltr'>Leontini,</span> <span class='ocrx_word' id='word_1_51' title='bbox 580 1027 724 1111; x_wconf 84' lang='lat' dir='ltr'>Megara,</span> <span class='ocrx_word' id='word_1_52' title='bbox 746 1025 909 1090; x_wconf 89' lang='lat' dir='ltr'>Martonia</span> <span class='ocrx_word' id='word_1_53' title='bbox 931 1027 1027 1091; x_wconf 85' lang='lat' dir='ltr'>urbes</span> <span class='ocrx_word' id='word_1_54' title='bbox 1052 1030 1084 1090; x_wconf 90' lang='lat' dir='ltr'>et</span> <span class='ocrx_word' id='word_1_55' title='bbox 1106 1023 1370 1108; x_wconf 87' lang='lat' dir='ltr'>Abulpharagius</span> <span class='ocrx_word' id='word_1_56' title='bbox 1393 1046 1446 1110; x_wconf 89' lang='lat' dir='ltr'>pg.</span> <span class='ocrx_word' id='word_1_57' title='bbox 1467 1025 1510 1089; x_wconf 78' lang='grc'>25</span> <span class='ocrx_word' id='word_1_58' title='bbox 1534 1026 1676 1090; x_wconf 81' lang='lat' dir='ltr'>exhibet:</span> <span class='ocrx_word' id='word_1_59' title='bbox 1699 1025 1790 1108; x_wconf 91' lang='lat' dir='ltr'>„Hoc</span> <span class='ocrx_word' id='word_1_60' title='bbox 1813 1030 1959 1109; x_wconf 90' lang='lat' dir='ltr'>tempore</span> <span class='ocrx_word' id='word_1_61' title='bbox 1984 1025 2173 1111; x_wconf 85' lang='lat' dir='ltr'>Syracusae,</span> 
     </span>
     <span class='ocr_line' id='line_1_6' title="bbox 206 1127 2173 1218; baseline 0.001 -21"><span class='ocrx_word' id='word_1_62' title='bbox 206 1131 345 1216; x_wconf 82' lang='lat' dir='ltr'>Catane,</span> <span class='ocrx_word' id='word_1_63' title='bbox 369 1134 583 1216; x_wconf 83' lang='lat' dir='ltr'>Leontium,</span> <span class='ocrx_word' id='word_1_64' title='bbox 611 1132 799 1217; x_wconf 86' lang='lat' dir='ltr'>Maglara,</span> <span class='ocrx_word' id='word_1_65' title='bbox 826 1131 1071 1198; x_wconf 90' lang='lat' dir='ltr'>Marathonia</span> <span class='ocrx_word' id='word_1_66' title='bbox 1099 1135 1132 1195; x_wconf 91' lang='lat' dir='ltr'>et</span> <span class='ocrx_word' id='word_1_67' title='bbox 1154 1131 1332 1196; x_wconf 90' lang='lat' dir='ltr'>Baronisus</span> <span class='ocrx_word' id='word_1_68' title='bbox 1357 1127 1414 1216; x_wconf 90' lang='lat'>(=</span> <span class='ocrx_word' id='word_1_69' title='bbox 1438 1128 1672 1218; x_wconf 85' lang='lat' dir='ltr'>Cherronesus)</span> <span class='ocrx_word' id='word_1_70' title='bbox 1701 1132 1734 1195; x_wconf 93' lang='lat' dir='ltr'>in</span> <span class='ocrx_word' id='word_1_71' title='bbox 1758 1130 1867 1197; x_wconf 77' lang='lat' dir='ltr'>Sicilia</span> <span class='ocrx_word' id='word_1_72' title='bbox 1894 1132 2042 1197; x_wconf 85' lang='lat' dir='ltr'>conditae</span> <span class='ocrx_word' id='word_1_73' title='bbox 2071 1135 2173 1199; x_wconf 87' lang='lat' dir='ltr'>sunt“.</span> 
     </span>
     <span class='ocr_line' id='line_1_7' title="bbox 206 1238 2173 1324; baseline 0.001 -21"><span class='ocrx_word' id='word_1_74' title='bbox 206 1239 393 1304; x_wconf 83' lang='lat' dir='ltr'>Perinthum</span> <span class='ocrx_word' id='word_1_75' title='bbox 427 1241 539 1304; x_wconf 90' lang='lat' dir='ltr'>urbem</span> <span class='ocrx_word' id='word_1_76' title='bbox 567 1239 732 1304; x_wconf 89' lang='lat' dir='ltr'>conditam</span> <span class='ocrx_word' id='word_1_77' title='bbox 760 1238 800 1302; x_wconf 91' lang='lat' dir='ltr'>ad</span> <span class='ocrx_word' id='word_1_78' title='bbox 829 1262 856 1304; x_wconf 91' lang='lat' dir='ltr'>a.</span> <span class='ocrx_word' id='word_1_79' title='bbox 886 1240 971 1304; x_wconf 87' lang='grc'>1416</span> <span class='ocrx_word' id='word_1_80' title='bbox 1000 1238 1175 1323; x_wconf 88' lang='lat' dir='ltr'>Dionysius</span> <span class='ocrx_word' id='word_1_81' title='bbox 1204 1238 1316 1321; x_wconf 88' lang='lat' dir='ltr'>refert,</span> <span class='ocrx_word' id='word_1_82' title='bbox 1348 1238 1433 1321; x_wconf 90' lang='lat' dir='ltr'>quod</span> <span class='ocrx_word' id='word_1_83' title='bbox 1461 1259 1533 1302; x_wconf 92' lang='lat' dir='ltr'>cum</span> <span class='ocrx_word' id='word_1_84' title='bbox 1561 1260 1665 1323; x_wconf 88' lang='lat' dir='ltr'>neque</span> <span class='ocrx_word' id='word_1_85' title='bbox 1694 1240 1777 1322; x_wconf 88' lang='lat' dir='ltr'>apud</span> <span class='ocrx_word' id='word_1_86' title='bbox 1806 1238 2042 1322; x_wconf 86' lang='lat' dir='ltr'>Hieronymum</span> <span class='ocrx_word' id='word_1_87' title='bbox 2070 1262 2173 1324; x_wconf 91' lang='lat' dir='ltr'>neque</span> 
     </span>
     <span class='ocr_line' id='line_1_8' title="bbox 206 1344 2173 1432; baseline 0.001 -22"><span class='ocrx_word' id='word_1_88' title='bbox 206 1346 291 1430; x_wconf 89' lang='lat' dir='ltr'>apud</span> <span class='ocrx_word' id='word_1_89' title='bbox 310 1345 498 1410; x_wconf 90' lang='lat' dir='ltr'>Armenium</span> <span class='ocrx_word' id='word_1_90' title='bbox 518 1350 614 1429; x_wconf 88' lang='lat' dir='ltr'>extet,</span> <span class='ocrx_word' id='word_1_91' title='bbox 638 1350 671 1409; x_wconf 98' lang='grc'>91</span> <span class='ocrx_word' id='word_1_92' title='bbox 689 1345 903 1409; x_wconf 86' lang='lat' dir='ltr'>Freherianus</span> <span class='ocrx_word' id='word_1_93' title='bbox 927 1345 1114 1429; x_wconf 89' lang='lat' dir='ltr'>codicesque</span> <span class='ocrx_word' id='word_1_94' title='bbox 1138 1345 1326 1429; x_wconf 88' lang='lat' dir='ltr'>interpolati</span> <span class='ocrx_word' id='word_1_95' title='bbox 1350 1346 1507 1429; x_wconf 89' lang='lat' dir='ltr'>praebent</span> <span class='ocrx_word' id='word_1_96' title='bbox 1526 1346 1565 1409; x_wconf 89' lang='lat' dir='ltr'>ad</span> <span class='ocrx_word' id='word_1_97' title='bbox 1584 1367 1612 1411; x_wconf 91' lang='lat' dir='ltr'>a.</span> <span class='ocrx_word' id='word_1_98' title='bbox 1633 1347 1719 1410; x_wconf 76' lang='lat'>1415</span> <span class='ocrx_word' id='word_1_99' title='bbox 1739 1351 1772 1410; x_wconf 90' lang='lat' dir='ltr'>et</span> <span class='ocrx_word' id='word_1_100' title='bbox 1791 1344 1957 1429; x_wconf 89' lang='lat' dir='ltr'>Syncellus</span> <span class='ocrx_word' id='word_1_101' title='bbox 1976 1369 2029 1432; x_wconf 92' lang='lat' dir='ltr'>pg.</span> <span class='ocrx_word' id='word_1_102' title='bbox 2049 1347 2123 1425; x_wconf 84' lang='lat'>453,</span> <span class='ocrx_word' id='word_1_103' title='bbox 2143 1349 2173 1412; x_wconf 83' lang='lat'>9.</span> 
     </span>
     <span class='ocr_line' id='line_1_9' title="bbox 206 1450 2171 1536; baseline 0 -19"><span class='ocrx_word' id='word_1_104' title='bbox 206 1452 293 1528; x_wconf 81' lang='lat' dir='ltr'>Quae</span> <span class='ocrx_word' id='word_1_105' title='bbox 317 1455 429 1518; x_wconf 89' lang='lat' dir='ltr'>omnia</span> <span class='ocrx_word' id='word_1_106' title='bbox 446 1453 617 1518; x_wconf 87' lang='lat' dir='ltr'>Panodoro</span> <span class='ocrx_word' id='word_1_107' title='bbox 641 1451 750 1518; x_wconf 91' lang='lat' dir='ltr'>deberi</span> <span class='ocrx_word' id='word_1_108' title='bbox 774 1453 824 1516; x_wconf 87' lang='lat' dir='ltr'>vel</span> <span class='ocrx_word' id='word_1_109' title='bbox 849 1452 963 1517; x_wconf 79' lang='lat' dir='ltr'>simiae</span> <span class='ocrx_word' id='word_1_110' title='bbox 987 1454 1055 1517; x_wconf 89' lang='lat' dir='ltr'>eius</span> <span class='ocrx_word' id='word_1_111' title='bbox 1076 1452 1236 1533; x_wconf 90' lang='lat' dir='ltr'>Anniano,</span> <span class='ocrx_word' id='word_1_112' title='bbox 1259 1453 1349 1516; x_wconf 92' lang='lat' dir='ltr'>cuius</span> <span class='ocrx_word' id='word_1_113' title='bbox 1373 1453 1491 1515; x_wconf 90' lang='lat' dir='ltr'>scrinia</span> <span class='ocrx_word' id='word_1_114' title='bbox 1513 1474 1590 1535; x_wconf 90' lang='lat' dir='ltr'>prae</span> <span class='ocrx_word' id='word_1_115' title='bbox 1614 1454 1728 1517; x_wconf 84' lang='lat' dir='ltr'>ceteris</span> <span class='ocrx_word' id='word_1_116' title='bbox 1753 1450 1908 1536; x_wconf 87' lang='lat' dir='ltr'>Syrorum</span> <span class='ocrx_word' id='word_1_117' title='bbox 1933 1452 2171 1536; x_wconf 85' lang='lat' dir='ltr'>chronographi</span> 
     </span>
     <span class='ocr_line' id='line_1_10' title="bbox 206 1556 2172 1644; baseline 0.001 -21"><span class='ocrx_word' id='word_1_118' title='bbox 206 1560 476 1644; x_wconf 85' lang='lat' dir='ltr'>compilaverunt,</span> <span class='ocrx_word' id='word_1_119' title='bbox 504 1560 575 1624; x_wconf 91' lang='lat' dir='ltr'>luce</span> <span class='ocrx_word' id='word_1_120' title='bbox 599 1559 716 1624; x_wconf 90' lang='lat' dir='ltr'>clarius</span> <span class='ocrx_word' id='word_1_121' title='bbox 745 1564 803 1623; x_wconf 90' lang='lat' dir='ltr'>est.</span> <span class='ocrx_word' id='word_1_122' title='bbox 848 1558 1003 1624; x_wconf 81' lang='lat' dir='ltr'>Eiusdem</span> <span class='ocrx_word' id='word_1_123' title='bbox 1031 1559 1178 1643; x_wconf 86' lang='lat' dir='ltr'>vestigiis</span> <span class='ocrx_word' id='word_1_124' title='bbox 1207 1557 1292 1642; x_wconf 89' lang='lat' dir='ltr'>apud</span> <span class='ocrx_word' id='word_1_125' title='bbox 1321 1556 1512 1641; x_wconf 92' lang='lat' dir='ltr'>Dionysium</span> <span class='ocrx_word' id='word_1_126' title='bbox 1540 1558 1763 1643; x_wconf 88' lang='lat' dir='ltr'>deprehensis,</span> <span class='ocrx_word' id='word_1_127' title='bbox 1792 1560 1898 1623; x_wconf 90' lang='lat' dir='ltr'>minus</span> <span class='ocrx_word' id='word_1_128' title='bbox 1926 1560 1963 1624; x_wconf 88' lang='lat' dir='ltr'>fit</span> <span class='ocrx_word' id='word_1_129' title='bbox 1990 1560 2172 1642; x_wconf 90' lang='lat' dir='ltr'>probabilis</span> 
     </span>
     <span class='ocr_line' id='line_1_11' title="bbox 205 1662 2171 1750; baseline 0.001 -20"><span class='ocrx_word' id='word_1_130' title='bbox 205 1664 330 1730; x_wconf 88' lang='lat' dir='ltr'>Alfredi</span> <span class='ocrx_word' id='word_1_131' title='bbox 358 1667 397 1730; x_wconf 93' lang='lat' dir='ltr'>de</span> <span class='ocrx_word' id='word_1_132' title='bbox 421 1665 613 1730; x_wconf 81' lang='lat' dir='ltr'>Gutschmid</span> <span class='ocrx_word' id='word_1_133' title='bbox 644 1667 819 1748; x_wconf 79' lang='lat' dir='ltr'>sententia,</span> <span class='ocrx_word' id='word_1_134' title='bbox 847 1667 1034 1730; x_wconf 90' lang='lat' dir='ltr'>Annianum</span> <span class='ocrx_word' id='word_1_135' title='bbox 1062 1687 1162 1750; x_wconf 90' lang='lat' dir='ltr'>aeque</span> <span class='ocrx_word' id='word_1_136' title='bbox 1190 1686 1227 1729; x_wconf 89' lang='lat' dir='ltr'>ac</span> <span class='ocrx_word' id='word_1_137' title='bbox 1252 1663 1436 1748; x_wconf 89' lang='lat' dir='ltr'>Syncellum</span> <span class='ocrx_word' id='word_1_138' title='bbox 1465 1673 1498 1729; x_wconf 92' lang='grc'>91</span> <span class='ocrx_word' id='word_1_139' title='bbox 1521 1664 1697 1749; x_wconf 81' lang='grc' dir='ltr'>11ρί1011911</span> <span class='ocrx_word' id='word_1_140' title='bbox 1721 1662 1850 1749; x_wconf 87' lang='lat' dir='ltr'>Syriam</span> <span class='ocrx_word' id='word_1_141' title='bbox 1879 1688 1982 1730; x_wconf 88' lang='lat' dir='ltr'>annos</span> <span class='ocrx_word' id='word_1_142' title='bbox 2011 1688 2171 1731; x_wconf 91' lang='lat' dir='ltr'>canonum</span> 
     </span>
     <span class='ocr_line' id='line_1_12' title="bbox 206 1770 543 1858; baseline 0.006 -23"><span class='ocrx_word' id='word_1_143' title='bbox 206 1773 354 1838; x_wconf 87' lang='lat' dir='ltr'>omisisse</span> <span class='ocrx_word' id='word_1_144' title='bbox 378 1770 543 1858; x_wconf 81' lang='lat' dir='ltr'>opinati.²)</span> 
     </span>
    </p>

    <p class='ocr_par' dir='ltr' id='par_1_3' title="bbox 206 1895 2172 2086">
     <span class='ocr_line' id='line_1_13' title="bbox 364 1895 2172 1982; baseline 0.001 -21"><span class='ocrx_word' id='word_1_145' title='bbox 364 1897 427 1982; x_wconf 90' lang='grc' dir='ltr'>ΙΙΙ)</span> <span class='ocrx_word' id='word_1_146' title='bbox 461 1897 586 1981; x_wconf 83' lang='lat' dir='ltr'>Regum</span> <span class='ocrx_word' id='word_1_147' title='bbox 614 1896 853 1960; x_wconf 79' lang='lat' dir='ltr'>Edessenorum</span> <span class='ocrx_word' id='word_1_148' title='bbox 886 1896 1002 1960; x_wconf 89' lang='lat' dir='ltr'>seriem</span> <span class='ocrx_word' id='word_1_149' title='bbox 1034 1895 1164 1960; x_wconf 86' lang='lat' dir='ltr'>exhibet</span> <span class='ocrx_word' id='word_1_150' title='bbox 1191 1919 1229 1960; x_wconf 88' lang='lat' dir='ltr'>ex</span> <span class='ocrx_word' id='word_1_151' title='bbox 1257 1897 1408 1962; x_wconf 90' lang='lat' dir='ltr'>chronico</span> <span class='ocrx_word' id='word_1_152' title='bbox 1435 1896 1575 1962; x_wconf 84' lang='lat' dir='ltr'>fortasse</span> <span class='ocrx_word' id='word_1_153' title='bbox 1603 1896 1782 1980; x_wconf 85' lang='lat' dir='ltr'>Edesseno,</span> <span class='ocrx_word' id='word_1_154' title='bbox 1815 1919 1911 1980; x_wconf 90' lang='lat' dir='ltr'>quam</span> <span class='ocrx_word' id='word_1_155' title='bbox 1942 1897 2064 1980; x_wconf 86' lang='lat' dir='ltr'>publici</span> <span class='ocrx_word' id='word_1_156' title='bbox 2093 1898 2172 1962; x_wconf 91' lang='lat' dir='ltr'>iuris</span> 
     </span>
     <span class='ocr_line' id='line_1_14' title="bbox 206 2000 1360 2086; baseline 0 -19"><span class='ocrx_word' id='word_1_157' title='bbox 206 2003 281 2069; x_wconf 88' lang='lat' dir='ltr'>fecit</span> <span class='ocrx_word' id='word_1_158' title='bbox 304 2003 327 2068; x_wconf 89' lang='lat' dir='ltr'>I.</span> <span class='ocrx_word' id='word_1_159' title='bbox 352 2003 383 2068; x_wconf 91' lang='lat' dir='ltr'>S.</span> <span class='ocrx_word' id='word_1_160' title='bbox 407 2004 606 2069; x_wconf 88' lang='lat' dir='ltr'>Assemanus</span> <span class='ocrx_word' id='word_1_161' title='bbox 630 2004 662 2068; x_wconf 93' lang='lat' dir='ltr'>in</span> <span class='ocrx_word' id='word_1_162' title='bbox 686 2004 790 2086; x_wconf 91' lang='lat' dir='ltr'>primo</span> <span class='ocrx_word' id='word_1_163' title='bbox 815 2001 1038 2067; x_wconf 86' lang='lat' dir='ltr'>Bibliothecae</span> <span class='ocrx_word' id='word_1_164' title='bbox 1062 2000 1239 2067; x_wconf 88' lang='lat' dir='ltr'>Orientalis</span> <span class='ocrx_word' id='word_1_165' title='bbox 1262 2008 1360 2069; x_wconf 89' lang='lat' dir='ltr'>torno.</span> 
     </span>
    </p>
   </div>
   <div class='ocr_carea' id='block_1_3' title="bbox 364 2125 1756 2337">
    <p class='ocr_par' dir='ltr' id='par_1_4' title="bbox 364 2125 1756 2337">
     <span class='ocr_line' id='line_1_15' title="bbox 364 2125 1604 2216; baseline -0.002 -22"><span class='ocrx_word' id='word_1_166' title='bbox 364 2125 426 2216; x_wconf 87' lang='lat' dir='ltr'>IV)</span> <span class='ocrx_word' id='word_1_167' title='bbox 449 2127 617 2193; x_wconf 86' lang='lat' dir='ltr'>Permulta</span> <span class='ocrx_word' id='word_1_168' title='bbox 639 2128 777 2192; x_wconf 90' lang='lat' dir='ltr'>inseruit</span> <span class='ocrx_word' id='word_1_169' title='bbox 800 2125 976 2210; x_wconf 90' lang='lat' dir='ltr'>Dionysius</span> <span class='ocrx_word' id='word_1_170' title='bbox 1000 2148 1038 2190; x_wconf 88' lang='lat' dir='ltr'>ex</span> <span class='ocrx_word' id='word_1_171' title='bbox 1062 2127 1279 2192; x_wconf 88' lang='lat' dir='ltr'>ecclesiastica</span> <span class='ocrx_word' id='word_1_172' title='bbox 1300 2127 1434 2192; x_wconf 85' lang='lat' dir='ltr'>Eusebii</span> <span class='ocrx_word' id='word_1_173' title='bbox 1457 2127 1604 2193; x_wconf 80' lang='lat' dir='ltr'>historia.</span> 
     </span>
     <span class='ocr_line' id='line_1_16' title="bbox 364 2248 1756 2337; baseline 0.003 -21"><span class='ocrx_word' id='word_1_174' title='bbox 364 2252 409 2336; x_wconf 93' lang='lat' dir='ltr'>V)</span> <span class='ocrx_word' id='word_1_175' title='bbox 433 2251 631 2336; x_wconf 88' lang='lat' dir='ltr'>Frequenter</span> <span class='ocrx_word' id='word_1_176' title='bbox 653 2253 750 2317; x_wconf 89' lang='lat' dir='ltr'>etiam</span> <span class='ocrx_word' id='word_1_177' title='bbox 775 2273 850 2316; x_wconf 93' lang='lat' dir='ltr'>usus</span> <span class='ocrx_word' id='word_1_178' title='bbox 874 2256 924 2315; x_wconf 88' lang='lat' dir='ltr'>est</span> <span class='ocrx_word' id='word_1_179' title='bbox 946 2252 1031 2316; x_wconf 91' lang='lat' dir='ltr'>libro</span> <span class='ocrx_word' id='word_1_180' title='bbox 1056 2248 1203 2336; x_wconf 89' lang='lat' dir='ltr'>Syriaco,</span> <span class='ocrx_word' id='word_1_181' title='bbox 1227 2251 1386 2336; x_wconf 85' lang='lat' dir='ltr'>Spelunca</span> <span class='ocrx_word' id='word_1_182' title='bbox 1408 2251 1565 2317; x_wconf 85' lang='lat' dir='ltr'>Thesauri</span> <span class='ocrx_word' id='word_1_183' title='bbox 1589 2253 1756 2337; x_wconf 78' lang='lat' dir='ltr'>inscripto</span> 
     </span>
    </p>
   </div>
   <div class='ocr_carea' id='block_1_4' title="bbox 205 2375 2171 2692">
    <p class='ocr_par' dir='ltr' id='par_1_5' title="bbox 205 2375 2171 2692">
     <span class='ocr_line' id='line_1_17' title="bbox 363 2375 2171 2463; baseline 0.001 -23"><span class='ocrx_word' id='word_1_184' title='bbox 363 2376 425 2463; x_wconf 81' lang='lat' dir='ltr'>Vl)</span> <span class='ocrx_word' id='word_1_185' title='bbox 449 2376 591 2441; x_wconf 90' lang='lat' dir='ltr'>Inseruit</span> <span class='ocrx_word' id='word_1_186' title='bbox 619 2378 716 2441; x_wconf 88' lang='lat' dir='ltr'>etiam</span> <span class='ocrx_word' id='word_1_187' title='bbox 745 2375 922 2440; x_wconf 82' lang='lat' dir='ltr'>Alexandri</span> <span class='ocrx_word' id='word_1_188' title='bbox 950 2376 1136 2454; x_wconf 86' lang='lat' dir='ltr'>historiam,</span> <span class='ocrx_word' id='word_1_189' title='bbox 1164 2377 1366 2441; x_wconf 83' lang='lat' dir='ltr'>narrationes</span> <span class='ocrx_word' id='word_1_190' title='bbox 1394 2377 1567 2441; x_wconf 89' lang='lat' dir='ltr'>nonnullas</span> <span class='ocrx_word' id='word_1_191' title='bbox 1597 2378 1800 2462; x_wconf 87' lang='lat' dir='ltr'>apocryphas</span> <span class='ocrx_word' id='word_1_192' title='bbox 1828 2377 1866 2442; x_wconf 93' lang='lat' dir='ltr'>de</span> <span class='ocrx_word' id='word_1_193' title='bbox 1893 2378 2013 2463; x_wconf 86' lang='lat' dir='ltr'>magis,</span> <span class='ocrx_word' id='word_1_194' title='bbox 2041 2379 2079 2443; x_wconf 92' lang='lat' dir='ltr'>de</span> <span class='ocrx_word' id='word_1_195' title='bbox 2106 2377 2171 2442; x_wconf 85' lang='lat' dir='ltr'>Vll</span> 
     </span>
     <span class='ocr_line' id='line_1_18' title="bbox 205 2482 2171 2569; baseline -0.001 -20"><span class='ocrx_word' id='word_1_196' title='bbox 205 2485 449 2566; x_wconf 88' lang='lat' dir='ltr'>dormientibus,</span> <span class='ocrx_word' id='word_1_197' title='bbox 467 2483 599 2568; x_wconf 91' lang='lat' dir='ltr'>Iosephi</span> <span class='ocrx_word' id='word_1_198' title='bbox 617 2483 810 2548; x_wconf 87' lang='lat' dir='ltr'>relationem</span> <span class='ocrx_word' id='word_1_199' title='bbox 829 2483 868 2547; x_wconf 92' lang='lat' dir='ltr'>de</span> <span class='ocrx_word' id='word_1_200' title='bbox 887 2484 1001 2547; x_wconf 85' lang='lat' dir='ltr'>excisis</span> <span class='ocrx_word' id='word_1_201' title='bbox 1022 2482 1265 2567; x_wconf 85' lang='lat' dir='ltr'>Hierosolymis,</span> <span class='ocrx_word' id='word_1_202' title='bbox 1287 2483 1320 2548; x_wconf 93' lang='lat' dir='ltr'>id</span> <span class='ocrx_word' id='word_1_203' title='bbox 1340 2503 1441 2566; x_wconf 89' lang='lat' dir='ltr'>genus</span> <span class='ocrx_word' id='word_1_204' title='bbox 1461 2484 1534 2566; x_wconf 92' lang='lat' dir='ltr'>alia,</span> <span class='ocrx_word' id='word_1_205' title='bbox 1554 2506 1635 2568; x_wconf 88' lang='lat' dir='ltr'>quae</span> <span class='ocrx_word' id='word_1_206' title='bbox 1655 2485 1828 2549; x_wconf 88' lang='lat' dir='ltr'>maximam</span> <span class='ocrx_word' id='word_1_207' title='bbox 1849 2491 1975 2569; x_wconf 85' lang='lat' dir='ltr'>partem</span> <span class='ocrx_word' id='word_1_208' title='bbox 1993 2486 2171 2567; x_wconf 88' lang='lat' dir='ltr'>omisimus,</span> 
     </span>
     <span class='ocr_line' id='line_1_19' title="bbox 205 2589 1860 2692; baseline 0.001 -37"><span class='ocrx_word' id='word_1_209' title='bbox 205 2614 245 2655; x_wconf 92' lang='lat' dir='ltr'>ne</span> <span class='ocrx_word' id='word_1_210' title='bbox 268 2592 344 2656; x_wconf 90' lang='lat' dir='ltr'>libri</span> <span class='ocrx_word' id='word_1_211' title='bbox 368 2591 509 2692; x_wconf 86' lang='lat' dir='ltr'>ambitus</span> <span class='ocrx_word' id='word_1_212' title='bbox 532 2591 629 2654; x_wconf 90' lang='lat' dir='ltr'>nimis</span> <span class='ocrx_word' id='word_1_213' title='bbox 653 2595 833 2674; x_wconf 90' lang='lat' dir='ltr'>augeretur.</span> <span class='ocrx_word' id='word_1_214' title='bbox 879 2589 923 2654; x_wconf 83' lang='lat' dir='ltr'>Et</span> <span class='ocrx_word' id='word_1_215' title='bbox 947 2589 1022 2674; x_wconf 88' lang='lat' dir='ltr'>quid</span> <span class='ocrx_word' id='word_1_216' title='bbox 1046 2589 1086 2654; x_wconf 91' lang='lat' dir='ltr'>ad</span> <span class='ocrx_word' id='word_1_217' title='bbox 1111 2589 1288 2655; x_wconf 80' lang='lat' dir='ltr'>Eusebium</span> <span class='ocrx_word' id='word_1_218' title='bbox 1313 2591 1515 2655; x_wconf 88' lang='lat' dir='ltr'>blateronum</span> <span class='ocrx_word' id='word_1_219' title='bbox 1540 2590 1708 2674; x_wconf 88' lang='lat' dir='ltr'>Syriorum</span> <span class='ocrx_word' id='word_1_220' title='bbox 1731 2591 1860 2676; x_wconf 82' lang='lat' dir='ltr'>nugae?</span> 
     </span>
    </p>
   </div>
   <div class='ocr_carea' id='block_1_5' title="bbox 203 2749 2170 3048">
    <p class='ocr_par' dir='ltr' id='par_1_6' title="bbox 203 2749 2170 3048">
     <span class='ocr_line' id='line_1_20' title="bbox 363 2749 2170 2836; baseline 0.001 -21"><span class='ocrx_word' id='word_1_221' title='bbox 363 2750 548 2815; x_wconf 85' lang='lat' dir='ltr'>Editionem</span> <span class='ocrx_word' id='word_1_222' title='bbox 572 2751 618 2814; x_wconf 89' lang='grc'>119</span> <span class='ocrx_word' id='word_1_223' title='bbox 641 2750 869 2835; x_wconf 86' lang='lat' dir='ltr'>disposuimus,</span> <span class='ocrx_word' id='word_1_224' title='bbox 891 2755 928 2814; x_wconf 91' lang='lat' dir='ltr'>ut</span> <span class='ocrx_word' id='word_1_225' title='bbox 951 2751 985 2814; x_wconf 92' lang='lat' dir='ltr'>in</span> <span class='ocrx_word' id='word_1_226' title='bbox 1009 2755 1102 2835; x_wconf 89' lang='lat' dir='ltr'>parte</span> <span class='ocrx_word' id='word_1_227' title='bbox 1125 2750 1258 2815; x_wconf 85' lang='lat' dir='ltr'>sinistra</span> <span class='ocrx_word' id='word_1_228' title='bbox 1281 2752 1380 2816; x_wconf 83' lang='lat' dir='ltr'>rerba</span> <span class='ocrx_word' id='word_1_229' title='bbox 1403 2749 1561 2835; x_wconf 86' lang='lat' dir='ltr'>Dionysii,</span> <span class='ocrx_word' id='word_1_230' title='bbox 1584 2775 1604 2816; x_wconf 88' lang='lat' dir='ltr'>a</span> <span class='ocrx_word' id='word_1_231' title='bbox 1628 2751 1744 2816; x_wconf 83' lang='lat' dir='ltr'>Carolo</span> <span class='ocrx_word' id='word_1_232' title='bbox 1765 2749 1922 2836; x_wconf 86' lang='lat' dir='ltr'>Siegfried</span> <span class='ocrx_word' id='word_1_233' title='bbox 1944 2752 2044 2817; x_wconf 87' lang='lat' dir='ltr'>latine</span> <span class='ocrx_word' id='word_1_234' title='bbox 2068 2774 2170 2835; x_wconf 85' lang='lat' dir='ltr'>versa,</span> 
     </span>
     <span class='ocr_line' id='line_1_21' title="bbox 204 2856 2169 2942; baseline 0 -20"><span class='ocrx_word' id='word_1_235' title='bbox 204 2863 409 2941; x_wconf 91' lang='lat' dir='ltr'>ponerentur,</span> <span class='ocrx_word' id='word_1_236' title='bbox 434 2857 540 2921; x_wconf 90' lang='lat' dir='ltr'>media</span> <span class='ocrx_word' id='word_1_237' title='bbox 563 2858 710 2921; x_wconf 89' lang='lat' dir='ltr'>columna</span> <span class='ocrx_word' id='word_1_238' title='bbox 733 2856 925 2940; x_wconf 90' lang='lat' dir='ltr'>Hieronymi</span> <span class='ocrx_word' id='word_1_239' title='bbox 948 2857 1167 2941; x_wconf 87' lang='lat' dir='ltr'>versionisque</span> <span class='ocrx_word' id='word_1_240' title='bbox 1190 2857 1364 2922; x_wconf 89' lang='lat' dir='ltr'>Armeniae</span> <span class='ocrx_word' id='word_1_241' title='bbox 1388 2858 1465 2921; x_wconf 89' lang='lat' dir='ltr'>anni</span> <span class='ocrx_word' id='word_1_242' title='bbox 1493 2858 1745 2942; x_wconf 85' lang='lat' dir='ltr'>continerentur,</span> <span class='ocrx_word' id='word_1_243' title='bbox 1767 2858 1802 2923; x_wconf 88' lang='lat' dir='ltr'>in</span> <span class='ocrx_word' id='word_1_244' title='bbox 1824 2859 1937 2922; x_wconf 83' lang='lat' dir='ltr'>dextra</span> <span class='ocrx_word' id='word_1_245' title='bbox 1959 2863 2051 2942; x_wconf 87' lang='lat' dir='ltr'>parte</span> <span class='ocrx_word' id='word_1_246' title='bbox 2070 2858 2169 2922; x_wconf 85' lang='lat' dir='ltr'>Euse-</span> 
     </span>
     <span class='ocr_line' id='line_1_22' title="bbox 203 2961 1889 3048; baseline 0.001 -19"><span class='ocrx_word' id='word_1_247' title='bbox 203 2964 301 3029; x_wconf 88' lang='lat' dir='ltr'>biana</span> <span class='ocrx_word' id='word_1_248' title='bbox 324 2987 362 3028; x_wconf 86' lang='lat' dir='ltr'>ex</span> <span class='ocrx_word' id='word_1_249' title='bbox 386 2963 522 3047; x_wconf 80' lang='lat' dir='ltr'>Cyrillo,</span> <span class='ocrx_word' id='word_1_250' title='bbox 546 2962 705 3029; x_wconf 81' lang='lat' dir='ltr'>Chronico</span> <span class='ocrx_word' id='word_1_251' title='bbox 729 2963 893 3046; x_wconf 85' lang='lat' dir='ltr'>Paschali,</span> <span class='ocrx_word' id='word_1_252' title='bbox 916 2963 1089 3048; x_wconf 85' lang='lat' dir='ltr'>Eclogario</span> <span class='ocrx_word' id='word_1_253' title='bbox 1114 2961 1336 3045; x_wconf 86' lang='lat' dir='ltr'>Crameriano,</span> <span class='ocrx_word' id='word_1_254' title='bbox 1360 2961 1509 3048; x_wconf 87' lang='lat' dir='ltr'>Syncello</span> <span class='ocrx_word' id='word_1_255' title='bbox 1533 2964 1636 3048; x_wconf 89' lang='lat' dir='ltr'>petita</span> <span class='ocrx_word' id='word_1_256' title='bbox 1659 2965 1889 3030; x_wconf 84' lang='lat' dir='ltr'>conferrentur.</span> 
     </span>
    </p>
   </div>
   <div class='ocr_carea' id='block_1_6' title="bbox 203 3225 2168 3388">
    <p class='ocr_par' dir='ltr' id='par_1_7' title="bbox 203 3225 2168 3388">
     <span class='ocr_line' id='line_1_23' title="bbox 276 3225 2168 3297; baseline -0.002 -14"><span class='ocrx_word' id='word_1_257' title='bbox 276 3231 301 3297; x_wconf 88' lang='lat'>1)</span> <span class='ocrx_word' id='word_1_258' title='bbox 325 3229 349 3281; x_wconf 89' lang='lat' dir='ltr'>A</span> <span class='ocrx_word' id='word_1_259' title='bbox 372 3227 453 3296; x_wconf 90' lang='lat' dir='ltr'>Syrio</span> <span class='ocrx_word' id='word_1_260' title='bbox 478 3227 565 3296; x_wconf 87' lang='lat' dir='ltr'>igitur</span> <span class='ocrx_word' id='word_1_261' title='bbox 588 3228 699 3282; x_wconf 84' lang='lat' dir='ltr'>infimae</span> <span class='ocrx_word' id='word_1_262' title='bbox 723 3227 824 3282; x_wconf 87' lang='lat' dir='ltr'>aetatis</span> <span class='ocrx_word' id='word_1_263' title='bbox 848 3227 985 3281; x_wconf 88' lang='lat' dir='ltr'>monacho</span> <span class='ocrx_word' id='word_1_264' title='bbox 1008 3227 1159 3282; x_wconf 90' lang='lat' dir='ltr'>memoriae</span> <span class='ocrx_word' id='word_1_265' title='bbox 1182 3227 1323 3295; x_wconf 84' lang='lat' dir='ltr'>proditum</span> <span class='ocrx_word' id='word_1_266' title='bbox 1350 3229 1394 3282; x_wconf 85' lang='lat' dir='ltr'>est</span> <span class='ocrx_word' id='word_1_267' title='bbox 1416 3225 1461 3282; x_wconf 91' lang='lat' dir='ltr'>cui</span> <span class='ocrx_word' id='word_1_268' title='bbox 1484 3244 1557 3282; x_wconf 88' lang='lat' dir='ltr'>anno</span> <span class='ocrx_word' id='word_1_269' title='bbox 1577 3227 1775 3283; x_wconf 84' lang='lat' dir='ltr'>Eratosthenes</span> <span class='ocrx_word' id='word_1_270' title='bbox 1793 3227 1991 3284; x_wconf 89' lang='lat' dir='ltr'>Leontinorum</span> <span class='ocrx_word' id='word_1_271' title='bbox 2011 3229 2101 3282; x_wconf 77' lang='grc' dir='ltr'><strong><em>κτίσιν</em></strong></span> <span class='ocrx_word' id='word_1_272' title='bbox 2120 3227 2168 3283; x_wconf 87' lang='lat' dir='ltr'>ad·</span> 
     </span>
     <span class='ocr_line' id='line_1_24' title="bbox 203 3316 1069 3388; baseline -0.001 -15"><span class='ocrx_word' id='word_1_273' title='bbox 203 3316 353 3388; x_wconf 82' lang='lat' dir='ltr'>scripserit.</span> <span class='ocrx_word' id='word_1_274' title='bbox 428 3320 455 3386; x_wconf 83' lang='grc'>2)</span> <span class='ocrx_word' id='word_1_275' title='bbox 474 3317 646 3372; x_wconf 82' lang='lat' dir='ltr'>Fleckeiscni</span> <span class='ocrx_word' id='word_1_276' title='bbox 666 3334 729 3373; x_wconf 86' lang='lat' dir='ltr'>ann.</span> <span class='ocrx_word' id='word_1_277' title='bbox 750 3316 824 3385; x_wconf 90' lang='lat' dir='ltr'>XIII,</span> <span class='ocrx_word' id='word_1_278' title='bbox 845 3322 923 3384; x_wconf 79' lang='grc'>1867,</span> <span class='ocrx_word' id='word_1_279' title='bbox 943 3334 989 3386; x_wconf 86' lang='lat' dir='ltr'>pg.</span> <span class='ocrx_word' id='word_1_280' title='bbox 1010 3323 1069 3372; x_wconf 82' lang='grc'><strong>677.</strong></span> 
     </span>
    </p>
   </div>
   <div class='ocr_carea' id='block_1_7' title="bbox 0 0 2472 6520">
    <p class='ocr_par' dir='ltr' id='par_1_8' title="bbox 0 0 2472 6520">
     <span class='ocr_line' id='line_1_25' title="bbox 0 0 2472 6520; baseline 0 0"><span class='ocrx_word' id='word_1_281' title='bbox 0 0 2472 6520; x_wconf 95' lang='lat' dir='ltr'> </span> 
     </span>
    </p>
   </div>
  </div>
 </body>
</html>
