4934 6526
1207 468 1426 532 „54-

614 662 787 745 Dionysius
1084 661 1086 727 i
1127 675 1152 717 a.
1171 658 1283 716 Hieron.
1339 674 1364 716 a.
1384 674 1458 717 vers.
1474 658 1550 715 arn.

328 788 423 852 urbes
442 786 600 852 Laodicea
618 791 650 851 et
665 785 850 871 Hierapolis
869 791 902 851 et
915 774 1086 883 Colossaei

329 894 544 959 conciderunt
609 893 701 976 <Hoc
746 900 891 979 tempore
932 894 1085 983 populus3

328 1000 520 1066 Iudaeorum
544 1001 734 1066 seditionem
759 1002 868 1068 movit.
912 999 1071 1082 Iosephus
1083 986 1092 1075 i,

329 1130 455 1191 quoque
493 1112 623 1172 enarrat
659 1109 758 1190 mala,
799 1130 880 1192 quae
916 1109 1071 1192 populum

328 1212 519 1279 Iudaeorum
557 1214 759 1298 invaserunt,
792 1215 931 1279 referens
964 1215 1072 1279 verbis

225 1347 300 1396 ,τινα
314 1320 316 1381 ÷
330 1321 396 1385 suis
420 1343 491 1386 cum
518 1319 616 1384 aliis*
640 1323 766 1405 multis,
790 1323 909 1386 multos
934 1323 974 1386 ab
998 1322 1088 1423 illis,i

329 1428 384 1511 qui
407 1427 518 1511 magni
541 1428 797 1492 aestimabantur
822 1430 905 1493 inter
927 1428 1088 1511 Iudaeae,i

330 1532 578 1618 Hierosolymae
606 1535 706 1619 virgis
735 1557 845 1599 caesos
874 1538 907 1598 et
934 1557 953 1598 a
976 1490 1088 1598 Florol

330 1641 433 1725 capite
483 1639 644 1723 inverso¹)
693 1640 779 1705 eruci
830 1640 944 1705 affixos
996 1663 1075 1705 esse.

330 1746 392 1812 Hie
407 1745 506 1833 (tum)
529 1753 598 1812 erat
611 1747 746 1812 iudaeae
761 1751 959 1831 procurator,
976 1769 1073 1831 quum

330 1855 458 1919 initium
473 1855 549 1919 belli
563 1858 708 1919 oreretur
727 1877 812 1919 anno
833 1854 956 1919 decimo
972 1854 1073 1919 altero

330 1962 457 2044 imperii
471 1959 502 2023 N
504 1962 620 2027 cronia.
652 1961 697 2025 Et
710 1962 744 2025 in
757 1964 828 2025 tota
842 1958 936 2045 Syria
951 1960 1075 2044 seditio,

332 2089 428 2151 quam
442 2067 552 2133 Iudaei
567 2068 718 2152 fecerunt,
738 2067 919 2132 vehementi
935 2089 1075 2131 commo-

330 2172 449 2259 bonet)
460 2175 543 2239 filios
554 2175 667 2258 populi
678 2175 824 2260 agitavit,
840 2175 915 2258 quia
925 2173 1075 2237 omnibus

253 2299 254 2302 ’
331 2282 411 2346 locis
427 2281 550 2346 incolae
565 2283 692 2346 urbium
714 2282 782 2346 sine
802 2281 973 2346 clementia
993 2281 1076 2345 sicut

331 2390 366 2452 in
384 2388 468 2453 bello
489 2389 778 2471 interficiebantur3
803 2410 840 2452 ac
858 2388 940 2452 vidit
958 2388 1075 2472 aliquis

331 2496 427 2560 urbes
461 2499 663 2560 mortuorum
696 2494 903 2559 cadaveribus
931 2493 1077 2576 refertas,

332 2625 414 2688 quae
441 2625 506 2667 non
535 2602 662 2686 sepulta
690 2602 745 2666 sed
773 2601 813 2665 ad
840 2624 938 2665 unum
969 2601 1077 2665 omnia

316 2740 318 2747 ·
332 2712 483 2776 iuvenum
499 2730 612 2772 senum
627 2709 797 2773 mulierum
812 2707 958 2772 coniecta
977 2711 1077 2790 erant,

332 2819 379 2882 ita
408 2821 445 2881 ut
473 2815 552 2879 adeo
581 2815 678 2878 facies
706 2835 915 2897 personarum
944 2813 1077 2899 agnosci

333 2946 399 2988 non
413 2924 532 3007 posset
555 2919 599 3023 Et
613 2923 684 2985 tota
698 2920 849 3003 eparchia
855 2917 880 3006 ³)
896 2921 993 3020 plena
1008 2923 1077 2984 erat

333 3029 535 3094 miseriarum
564 3049 645 3110 quae
674 3028 816 3091 enarrari
843 3048 910 3091 non
933 3032 1077 3111 possunt.

334 3116 470 3201 Graiior
480 3155 556 3199 vero
567 3141 637 3199 erat
647 3134 855 3198 comminatio
870 3156 976 3198 rerum
987 3134 1076 3198 terri-

333 3243 447 3308 bilium
459 3239 620 3328 (propter)
628 3240 862 3324 impudentiam
871 3237 1076 3327 (hominum),

334 3371 416 3434 quae
425 3349 460 3412 in
469 3348 536 3412 dies
547 3348 735 3433 augebatur.
750 3347 837 3411 Haec
847 3347 928 3411 dixit
937 3345 1077 3433 (auctor)

334 3457 441 3521 verbis
456 3456 603 3538 Iosephi;
622 3454 702 3518 haec
716 3453 843 3519 Iudaeis
863 3453 1076 3536 acciderunt>
1144 3511 1147 3518 ,

379 3563 497 3644 <Anno
520 3560 724 3626 MMLXXXI
742 3560 839 3624 Manu
862 3582 917 3624 rex
935 3559 1077 3626 Edessae
1106 3566 1139 3621 H.
1159 3571 1237 3622 2081.

336 3673 480 3734 mortuus
495 3672 544 3732 est
558 3671 590 3732 et
603 3667 717 3750 Abgar
731 3667 817 3730 fflius
831 3664 930 3730 Manu
943 3687 1078 3751 regnum

336 3775 478 3841 obtinuit
500 3796 558 3859 per
580 3773 641 3838 XX
665 3774 797 3855 annos>

379 3882 476 3948 Anno
495 3879 715 3948 MMLXXXII
729 3879 817 3946 Nero
837 3902 949 3945 omnes
963 3879 1079 3944 Roma·

336 4013 450 4055 norum
469 4011 616 4072 proceres
635 3987 799 4054 interfecit
817 3987 970 4073 <propter
989 3987 1079 4050 testi-

337 4098 478 4162 monium
506 4095 653 4160 Messiae.
702 4094 869 4159 Interfecit
897 4115 974 4158 vero
1003 4115 1080 4177 quo-

337 4225 396 4286 que
427 4223 557 4267 uxorem
581 4223 673 4264 suam
697 4204 730 4264 et
751 4206 816 4264 tres
840 4201 925 4264 filias
950 4222 1024 4264 suas
1048 4205 1080 4264 et

338 4308 496 4373 cumillis
519 4307 602 4372 filios
627 4308 733 4390 suos>.

384 4927 479 4990 Anno
504 4924 741 4991 MMLXXXIII
765 4927 885 4991 Paulus
911 4930 943 4990 et
966 4925 1079 4989 Petrus
1107 4933 1141 4986 H.
1161 4938 1238 4987 2084.
1303 4965 1305 4970 .

342 5034 462 5098 Romae
486 5038 621 5098 mortem
646 5034 798 5117 martyris
822 5033 911 5117 passi
935 5036 1018 5096 sunt.

386 5137 1080 5224 <Ann0bflt1LXXXIVcoepitinNeronem

340 5248 388 5311 ira
407 5247 457 5311 dei
477 5247 627 5332 venire3>
648 5247 822 5331 eodemque
844 5268 927 5312 anno
943 5246 1080 5331 populus
1108 5250 1142 5305 Η.
1162 5254 1240 5308 2084.

235 5386 312 5435 „neo
325 5340 327 5439 i
340 5353 530 5418 Iudaeorum
559 5351 696 5418 defecit*
724 5358 756 5419 et
779 5354 867 5418 venit
890 5375 984 5438 super
1006 5353 1080 5418 illos

412 5603 438 5668 ο
458 5602 555 5673 σου*
574 5604 635 5654 ³10.
709 5602 736 5669 ο
755 5602 824 5665 aa>
841 5601 936 5669 μοι
1009 5601 1037 5668 ο
1056 5609 1198 5670 swa

1858 665 2017 733 Eusebius

1578 787 1758 855 κατέπεσον
1782 803 1879 874 τρεῖς,
1904 791 2096 872 Λαοδίκεια,
2115 783 2298 873 Ἰεράπολις

1577 894 1632 960 καὶ
1656 901 1836 963 Κολοσσαί.

1624 1003 1764 1086 <Euseb.
1780 1005 1819 1071 H.
1834 1005 1872 1069 Ε.
1886 1004 1928 1087 ΙΙ,
1945 1004 2065 1069 XXVI.
2096 994 2207 1081 Αὖθις
2226 999 2257 1068 δ’
2280 998 2298 1068 ὁ

1576 1105 1734 1194 Ἰώσηπος
1757 1117 1893 1176 πλεῖστα
1917 1109 1979 1176 ὅσα
2002 1109 2078 1195 περὶ
2099 1113 2157 1194 τής
2174 1106 2212 1176 τὸ
2232 1111 2299 1174 πᾶν

1576 1213 1750 1282 Ἰουδαίων
1766 1220 1866 1296 ἔθνος
1883 1215 2134 1302 καταλαβούσης
2153 1211 2300 1282 διελθῶν

1580 1326 1755 1409 συμφορᾶς
1779 1326 1879 1408 δηλοῖ
1898 1319 1980 1388 κατὰ
2004 1321 2108 1406 λέξιν,
2137 1320 2189 1386 ἐπὶ
2212 1324 2300 1385 πλεί-

1580 1448 1670 1508 στοις
1695 1427 1809 1509 ἀλλοις
1832 1433 1972 1514 μυρίους
1996 1425 2097 1506 ὅσους
2119 1430 2187 1494 τῶν
2211 1423 2299 1511 παρὰ

1577 1532 1754 1615 Ἰουδαίοις
1780 1536 2005 1623 τετιμημένων
2033 1533 2185 1621 μάστιξιν
2218 1535 2299 1598 αίκι-

1581 1642 1722 1722 σθίντας
1746 1644 1782 1710 ἐν
1811 1640 1894 1730 αὐτή
1922 1645 1961 1730 τή
1980 1638 2197 1727 Ἰερουσαλήμ
2221 1635 2300 1704 ἀνα-

1581 1754 1821 1835 σταυρωθῆναι
1843 1745 1909 1817 ὑπὸ
1932 1746 2085 1833 Φλῶρον.
2117 1750 2238 1813 τοῦτον
2263 1742 2300 1811 δὲ

1583 1852 1668 1923 εἶναι
1687 1859 1746 1941 τής
1761 1852 1926 1933 Ἰουδαίας
1944 1856 2134 1940 ἐπίτροπον,
2159 1848 2300 1937 ὁπηνίκα

1581 1963 1645 2049 τήν
1671 1960 1777 2049 ἀρχὴν
1805 1959 2095 2048 ἀναρριπισθήναι
2121 1961 2182 2026 τοῦ
2210 1957 2301 2024 πολέ-

1581 2096 1663 2156 μου,
1698 2073 1793 2147 ἔτους
1829 2065 2020 2135 δωδεκάτου
2054 2069 2112 2152 τής
2144 2065 2302 2150 Νέρωνος

1581 2172 1761 2262 ἡγεμονίας
1783 2174 1917 2261 συνέβη.
1948 2177 1978 2242 2.
1997 2169 2066 2241 εἶτα
2092 2170 2128 2239 δέ
2146 2171 2201 2238 καὶ
2220 2164 2299 2237 καθ’

1583 2280 1667 2368 ὅλην
1685 2279 1746 2367 τήν
1761 2286 1893 2367 Συρίαν
1913 2280 1966 2347 ἐπὶ
1984 2283 2024 2368 τή
2043 2282 2111 2346 τῶν
2127 2276 2302 2345 Ἰουδαίων

1582 2387 1763 2456 ἀποστάσει
1779 2384 1894 2473 δεινήν
1909 2405 1992 2473 φησι
2001 2385 2235 2472 κατειληφέναι
2249 2409 2302 2448 τα-

1583 2494 1700 2583 ραχήν,
1724 2493 1911 2581 πανταχόσε
1929 2497 1995 2561 τῶν
2014 2489 2079 2560 ἀπὸ
2099 2495 2160 2558 τοῦ
2178 2494 2303 2568 ἔθνους

1583 2603 1665 2689 πρὸς
1692 2604 1760 2669 τῶν
1792 2599 1873 2668 κατὰ
1905 2600 2005 2668 πόλιν
2038 2600 2177 2666 ἐνοίκων
2211 2593 2303 2664 ῶσὰν

1583 2713 1750 2795 πολεμίων
1774 2703 1923 2792 ἀνηλεῶς
1945 2704 2201 2791 πορθουμένων,
2221 2699 2305 2769 ῶστε
2368 2709 2372 2723 “

1584 2812 1669 2900 ὁρῶν
1693 2811 1751 2893 τὰς
1769 2813 1882 2893 πόλεις
1900 2810 2020 2899 μεστάς
2038 2807 2176 2896 ἀτάφων
2196 2806 2304 2895 σωμά-

1584 2947 1661 3003 των,
1680 2920 1736 2986 καὶ
1754 2917 1894 3006 νεκροὺς
1912 2916 1981 3005 ἅμα
1999 2922 2131 3003 νηπίοις
2147 2917 2306 3002 γέροντας

1584 3029 1816 3114 ἐρριμμένους,
1844 3025 1968 3112 γύναιά
1996 3049 2030 3091 τε
2058 3021 2142 3110 μηδὲ
2169 3032 2227 3107 τῆς
2253 3018 2301 3090 ἐπ’

1585 3138 1679 3202 αἰδοῖ
1704 3134 1824 3218 σκέπης
1851 3130 2086 3218 μετειληφότα,
2113 3129 2169 3195 καὶ
2194 3132 2304 3195 πᾶσαν

1581 3239 1646 3327 μέν
1673 3238 1737 3325 τήν
1767 3240 1927 3326 ἐπαρχίαν
1959 3235 2082 3323 μεστήν
2114 3233 2305 3321 ἀδιηγήτων

1586 3350 1787 3434 συμφορῶν,
1820 3349 1953 3431 μείζονα
1988 3343 2025 3412 δέ
2056 3346 2124 3410 τῶν
2152 3340 2305 3410 ἑκάστοτε

1585 3454 1808 3540 τολμωμένων
1819 3449 1889 3538 1τήν
1903 3451 1955 3518 ἐπὶ
1969 3463 2039 3530 τοῖς
2052 3447 2306 3535 ἀπειλουμένοις

1485 3609 1490 3620 -
1586 3559 1757 3629 ἀνάτασιν.
1799 3568 1903 3626 ταῦτα
1929 3556 2011 3624 κατὰ
2039 3557 2127 3637 λέξιν
2157 3551 2330 3641 ὁἸῶση-’

1586 3692 1655 3746 πος.
1695 3665 1751 3733 καὶ
1782 3663 1822 3733 τά
1854 3664 1915 3751 μὲν
1947 3662 2029 3731 κατὰ
2056 3661 2242 3741 Ἰουδαίους
2270 3663 2305 3729 ἐν

1585 3773 1717 3851 τούτοις
1740 3764 1813 3857 ήν.)

1631 3880 1745 3967 (Syna.
1757 3880 1890 3964 643‚21.
1910 3878 2100 3962 μιαιφονίαι
2119 3877 2177 3959 τῆς
2194 3898 2228 3940 τε
2247 3899 2305 3959 μη-

1586 3985 1663 4073 τρὸς
1678 3985 1892 4071 Ἀγριππίνης
1914 3981 1969 4049 καί
1984 3979 2153 4065 Ὀκταβίας
2175 3978 2230 4046 καὶ
2249 3981 2307 4065 τῆς

1587 4097 1709 4172 οἰκείας
1721 4093 1872 4178 γαμετῆς,
1887 4090 2037 4173 ἀδελφοῦ
2051 4112 2086 4154 τε
2100 4090 2243 4172 γνησίου
2251 4084 2307 4151 καί

1585 4205 1684 4267 θείου
1707 4197 1790 4284 πρὸς
1812 4198 1937 4282 πατρὸς
1959 4194 2015 4260 καί
2038 4191 2150 4260 ἀλλων
2173 4195 2306 4259 πολλῶν

1587 4307 1759 4391 συγγενῶν
1791 4302 1846 4369 καὶ
1876 4305 1943 4368 τῶν
1973 4302 2009 4367 ἐν
2036 4304 2203 4388 γερουσίᾳ.
2254 4297 2308 4364 ἐπὶ

1586 4415 1667 4477 πᾶσι
1691 4406 1725 4476 δ’
1752 4405 1945 4484 αὐτοῦτοῖς
1967 4401 2153 4492 ἀτυχήμασι
2172 4404 2227 4471 καὶ
2247 4401 2307 4471 τὸν

1586 4520 1719 4602 πρῶτον
1755 4511 1836 4580 κατά
1873 4515 2084 4599 Χριστιανῶν
2122 4513 2307 4592 ἐνεδείξωο

1587 4618 1747 4708 διωγμὸν,
1771 4617 1870 4705 ἡνίκα
1889 4620 2017 4708 Πέτρος
2039 4618 2095 4685 καὶ
2113 4625 2251 4698 Παῦλος
2275 4619 2310 4684 oi

1586 4728 1757 4796 θειότατοι
1782 4725 1961 4794 ἀπόστολοι
1984 4728 2030 4816 τῷ
2054 4722 2136 4811 ὑπὲρ
2160 4728 2308 4812 Χριστοῦ

1586 4834 1856 4924 μαρτυρήσαντες
1877 4831 2151 4918 κατεστέφθησαν
2170 4827 2307 4916 ἀγῶνι>

1633 5244 1727 5329 Syna.
1738 5244 1812 5328 637,
1822 5245 1851 5308 3.
1867 5237 2026 5307 Ἰουδαῖοι
2040 5236 2212 5324 Ῥωμαίων
2232 5235 2309 5305 ἀπέ-

1588 5369 1713 5436 στησαν
1737 5347 1789 5414 ἐπὶ
1809 5351 1947 5415 Γεστίου
1969 5343 2112 5431 Φλῶρον
2135 5343 2191 5412 διά
2215 5353 2307 5414 πλεο-
