4934 6526
471 670 644 754 Dionysius
942 667 945 771 χ
985 681 1010 724 a
1029 665 1140 725 hieron.
1181 671 1223 749 {a
1243 682 1316 724 sors.
1332 667 1408 724 Arm.

160 768 164 897 i
183 817 289 879 orum,
308 795 393 880 quod
418 799 560 878 vocatur,
583 796 753 879 praecipue
776 798 943 879 utuntur3¹

161 903 308 986 {reliqua
331 898 528 987 (evangelia)
551 923 616 966 non
639 901 784 984 tradunt,
814 890 944 965 sabba-T

182 1008 274 1072 thum
303 1030 378 1073 vero
403 1011 439 1072 ut
461 1008 510 1072 illi
535 1009 708 1073 observant
732 1012 765 1073 et
787 986 943 1092 discipli·¹

182 1136 257 1179 nam
271 1113 450 1197 Iudaicam,
469 1114 608 1198 primunr
628 1136 703 1180 vero
719 1114 943 1271 hebdomadis,

182 1221 265 1285 diem
288 1221 339 1285 illi
362 1222 537 1286 observant
560 1222 594 1284 in
616 1222 804 1286 memoriam
823 1242 942 1311 resur·¹

181 1326 332 1392 rectionis
362 1328 532 1392 salvatoris
560 1328 671 1391 nostri.
723 1328 768 1393 Et
796 1333 942 1413 propter*

181 1433 265 1497 hanc
293 1434 491 1517 opinionem,
520 1456 601 1517 quae
624 1435 690 1499 illis
719 1440 782 1518 est,
809 1402 942 1525 nomen:

180 1540 408 1605 Ebionitarum
422 1544 624 1625 acceperunt.
648 1540 699 1604 Ita
710 1539 795 1604 enirn
805 1562 927 1624 pauper
940 1532 942 1569 ¹

182 1652 313 1712 vocatur
345 1647 379 1709 in
410 1646 522 1730 lingua
554 1646 715 1711 hebraica.
767 1645 866 1712 Porro
895 1650 942 1727 etj

165 1753 247 1851 falia
265 1758 335 1819 erat
355 1751 471 1841 (secta)
492 1775 573 1837 quae
593 1776 612 1817 a
631 1751 787 1817 Cerintho
806 1740 941 1817 nomen?

165 1859 280 1927 {duxit
317 1859 379 1925 Hie
400 1882 473 1925 vero
493 1858 665 1925 Corinthus
686 1860 769 1924 sieut
788 1879 942 1943 magnus>

163 1946 346 2051 fapostolus
374 1966 551 2031 visionibus
575 1966 608 2028 in
632 1965 787 2029 mundum
810 1964 941 2063 doctri-p

163 2068 253 2138 ‘nain
281 2073 474 2156 introduxit,
505 2094 586 2156 quae
614 2072 711 2156 plena
738 2075 808 2135 erat
834 2074 941 2155 prae-i

163 2162 392 2267 'stigiarum¹),
416 2179 532 2263 quibus
556 2179 711 2243 mentitus
735 2181 785 2242 est
808 2177 941 2254 dicens,=

185 2310 219 2353 se
247 2287 320 2351 illas
343 2307 394 2350 res
418 2286 458 2349 ab
483 2285 597 2371 angelo
621 2284 783 2349 didicisse:
807 2283 941 2348 sciliceti

58 2371 167 2493 am}
183 2399 259 2480 post
289 2392 581 2459 resurrectionem*
613 2391 648 2455 in
676 2395 764 2455 terra
791 2378 942 2477 regnum¹

163 2498 305 2566 &chriso
327 2499 471 2565 futurum
496 2503 528 2562 et
547 2496 712 2584 (homines
732 2495 815 2584 tum)
840 2498 941 2582 cupi·-

162 2572 335 2672 iditatibus
363 2606 506 2688 corporis
534 2605 650 2668 iterum
679 2603 925 2687 Hierosolymae

180 2713 357 2779 servituros
386 2732 465 2775 esse.
512 2709 556 2774 Et
578 2710 748 2775 inimicitia
772 2710 925 2774 adversus

179 2820 355 2903 scripturas
380 2817 505 2882 divinas
529 2821 709 2882 commotus
729 2817 764 2880 in
783 2838 923 2882 errorem

179 2925 286 2991 delabi
323 2924 455 2989 studens
493 2924 576 2988 dixit
610 2945 666 3007 per
700 2922 787 2987 mille
820 2946 923 2990 annos

178 3031 288 3097 futura
315 3053 386 3095 esse
415 3030 573 3095 solemnia
601 3030 830 3097 conviviorum.
880 3031 924 3096 Et

180 3139 252 3205 illas
263 3160 322 3222 res,
339 3159 473 3220 quarum
489 3136 664 3219 cupiditate
676 3136 834 3201 excitatus
846 3143 923 3223 erat,
936 3142 939 3253 ,

179 3245 308 3310 videbat
340 3245 375 3308 in
407 3243 533 3308 somnio
565 3264 637 3326 suo;
670 3265 768 3328 quum
797 3246 939 3333 corpori,

179 3351 304 3417 deditus
337 3353 422 3414 esset
455 3349 620 3434 cupidines
653 3350 775 3413 amavit
802 3338 939 3449 scilicet,

178 3460 276 3543 potus
310 3460 343 3521 et
374 3455 438 3521 cibi
471 3460 504 3519 et
536 3455 648 3520 coitus.
698 3454 743 3519 Et
776 3476 813 3519 ea
843 3464 939 3540 quasi

180 3563 373 3640 desideravit
387 3567 551 3626 assecutus
568 3566 617 3626 est
631 3560 697 3646 (his
707 3561 826 3647 rebus),
841 3584 938 3647 quae·

163 3669 222 3743 {ab
246 3668 311 3733 illis
334 3669 581 3733 celebrabantur
600 3664 745 3754 (nempe)
769 3670 924 3735 solemnia

164 3764 213 3907 pet
227 3774 382 3839 sacrificia
396 3778 429 3838 et
443 3774 597 3839 mactatio
608 3774 793 3840 bestiarum.
811 3812 847 3822 -
866 3775 924 3840 Ille
936 3810 939 3821 ·

165 3904 254 3947 ·rero
269 3904 340 3947 cum
351 3881 499 3966 apostolo
509 3880 630 3946 Ioanne
641 3883 841 3967 evangelista
851 3904 923 3947 con·
936 3842 939 3915 λ

180 4010 309 4075 gressus
324 3992 383 4053 est.
412 3987 557 4064 Quodam
573 3989 623 4053 die
638 3990 725 4052 enim
737 3988 875 4052 Ioannes
890 3990 924 4053 in

179 4095 331 4160 balneum
343 4094 476 4159 intravit
485 4098 522 4157 ut
532 4115 565 4157 se
576 4093 707 4157 lavaret.
731 4093 837 4170 Quum
849 4116 922 4159 vero

180 4206 388 4289 cognosceret
397 4199 585 4266 Corinthum
599 4199 645 4263 ibi
658 4198 779 4284 adesse,
794 4202 923 4265 exsiluit
936 4268 938 4275 ,

181 4307 219 4371 de
242 4307 314 4373 loco
335 4330 393 4373 suo
413 4307 503 4371 etad
522 4311 649 4392 portam
669 4307 825 4393 profugit,
849 4304 938 4392 quia!

165 4380 246 4489 inon
274 4414 425 4479 toleravit
452 4434 486 4479 se
510 4435 579 4478 esse
603 4414 663 4478 sub
692 4417 777 4479 tecto
803 4390 939 4497 eodem,i

181 4542 245 4604 quo
269 4517 443 4585 Corinthus
472 4524 542 4585 erat
572 4525 604 4584 et
631 4521 712 4585 dixit
734 4521 809 4586 hoc:
836 4543 925 4607 egre

164 4576 313 4733 idiamini
337 4649 354 4691 e
378 4627 494 4692 balneo
518 4650 558 4691 ne
581 4649 750 4710 supervos
770 4628 925 4712 concidat,

181 4733 257 4816 quia
276 4730 448 4797 Corinthus
473 4732 523 4797 dei
548 4733 696 4797 inimicus
720 4731 840 4820 (ineo)
865 4720 940 4800 esti

165 4822 223 4907 λ-
247 4837 329 4903 Erat
351 4861 426 4904 vero
452 4839 516 4903 alia
536 4839 677 4904 haeresis
697 4861 778 4924 quae
797 4830 939 4913 Nicolai{

165 4944 355 5037 {dicebat-ur.
406 4945 467 5011 Hic
501 4946 629 5030 quidem
659 4944 813 5012 Nicolaus
842 4968 939 5039 unus)

164 5042 252 5123 {erat
274 5074 313 5117 ex
337 5053 401 5117 illis
425 5057 557 5137 septem,
580 5053 634 5138 qui
659 5054 699 5118 ad
723 5075 829 5118 curam
853 5044 939 5136 ege-fi

165 5128 296 5281 'norum
325 5181 397 5224 cum
426 5158 588 5244 Stephano
617 5160 830 5245 eligebantur.
879 5128 939 5223 Et*

165 5271 252 5329 ¹erat
283 5266 329 5329 illi
361 5289 440 5330 uxor
466 5265 601 5350 pulchra
629 5269 761 5350 aspectu
789 5271 822 5330 et
849 5272 938 5350 post·

164 5374 404 5455 {ascensionem
430 5372 551 5437 domini
575 5373 679 5439 nostri
703 5375 744 5438 ab
768 5374 938 5457 apostolis:

255 5586 280 5652 1)
302 5585 405 5650 tiseos.

1062 475 1283 539 -59-

1180 930 1184 1027 ι

1180 1090 1184 1133 1

1180 1670 1183 1713 λ

1422 792 1475 885 χδὲ
1498 797 1558 860 τοῦ
1581 793 1643 881 μὲν
1665 793 1856 864 ἀποστόλου
1879 794 1985 875 πάσας
2007 794 2065 875 τὰς
2088 799 2155 864 ἐπι-

1423 894 1557 979 Ιστολάς
1589 899 1750 987 άρνητεάς
1781 899 1924 988 ἡγοῦντο
1955 900 2043 970 εἶναι
2072 907 2154 988 δεῖν,

1421 1003 1626 1105 ,ἀποστάτην
1668 1005 1912 1089 ἀποκαλοῦντες
1953 1005 2057 1076 αὑτὸν
2093 1013 2154 1078 τοῦ

1421 1110 1557 1215 ἐνόμου·
1591 1111 1770 1205 εὐαγγελίῳ
1804 1114 1841 1182 δὲ
1873 1114 1966 1207 μόνῳ
1999 1120 2044 1207 τῷ
2072 1112 2150 1182 καθ’

1421 1215 1608 1345 ήἙβραίους
1631 1221 1797 1312 λεγομένῳ
1818 1221 1983 1309 χρώμενοι
2001 1225 2068 1288 τῶν
2087 1229 2153 1289 λοι-

1421 1329 1509 1439 χπών
1521 1323 1661 1412 σμικρὸν
1677 1327 1851 1393 ἐποιοῦντο
1867 1326 1978 1412 λόγον.
2001 1331 2031 1396 5,
2045 1328 2100 1395 καὶ
2115 1331 2152 1396 τὸ

1421 1450 1423 1473 ¹
1436 1431 1497 1518 μέν
1516 1431 1684 1517 σάββατον
1703 1433 1758 1499 καὶ
1772 1431 1833 1519 τήν
1848 1430 1953 1519 άλλην
1965 1430 2153 1520 Ἰουδαῖκήν

1719 672 1876 740 Eusebius

1436 1535 1571 1624 άγωγήν
1593 1535 1715 1625 ὁμοίως
1734 1541 1873 1619 ἐκείνοις
1890 1539 2153 1626 παρεφύλαττον,

1435 1657 1507 1723 ταῖς
1531 1642 1563 1710 δ’
1589 1637 1632 1712 αύ
1655 1661 1828 1729 κυριακαῖς
1850 1644 1987 1733 ἡμέραις
2010 1643 2090 1733 ήμῖν
2112 1645 2152 1713 τά

1436 1750 1648 1836 παραπλήσια
1667 1757 1714 1831 είς
1732 1752 1867 1838 μνήμην
1885 1756 1942 1839 τής
1960 1756 2020 1820 τοῦ
2034 1758 2154 1838 κυρίου

1435 1853 1841 1938 άναστάσεωςέπετέλουν.
1860 1862 1889 1925 6.
1899 1858 1984 1926 ὅθεν
1992 1858 2081 1944 παρὰ
2091 1858 2153 1946 τήν

1435 1961 1592 2049 τοιαύτην
1625 1966 1810 2053 ἐγχείρησιν
1837 1969 1895 2051 τῆς
1921 1965 2076 2051 τοιαύτης
2103 1974 2153 2033 λε·

1436 2070 1572 2156 λόγχασι
1599 2077 1834 2157 προσηγορίας,
1862 2075 1921 2138 τοῦ
1947 2068 2153 2156 Ἐβιωναίων

1436 2173 1614 2262 ὀνόματος,
1643 2175 1704 2264 τήν
1731 2181 1789 2262 τής
1816 2181 1967 2257 διανοίας
1989 2183 2153 2266 πτωχείαν

1436 2279 1547 2350 αὐτῶν
1558 2280 1818 2369 ὑποφαίνοντος·
1827 2282 1930 2372 ταύτῃ
1941 2283 2005 2370 γάρ
2017 2286 2153 2370 ἐπίκλην

1436 2384 1454 2455 ὁ
1478 2385 1607 2476 πτωχός
1629 2386 1707 2477 παρ’
1729 2387 1896 2475 Ἑβραίοις
1919 2389 2121 2478 ὀνομάζεται.

1479 2496 1631 2581 XXVIII,
1648 2501 1675 2564 1.
1698 2495 1780 2563 κατὰ
1802 2499 1881 2575 τοὺς
1901 2499 2153 2583 δεδηλωμένους

1435 2601 1577 2689 χρόνους
1596 2602 1707 2687 ἑτέρας
1726 2603 1882 2688 αίρέσεως
1900 2599 2049 2689 άρχηγόν
2063 2604 2153 2689 γενέ-

1419 2784 1422 2793 ,
1435 2715 1517 2774 σθαι
1528 2706 1707 2793 Κήρινθον
1720 2710 2013 2796 παρειλήφαμεν...
2029 2712 2058 2776 2.
2069 2705 2153 2775 tert

1434 2813 1490 2881 καὶ
1514 2813 1689 2900 Κήρινθος
1717 2811 1735 2882 ὁ
1764 2813 1809 2882 δι’
1839 2812 2080 2894 ἀποκαλύψεων
2109 2811 2153 2894 ὦς

1434 2917 1500 2988 ὑπὸ
1529 2918 1717 2990 ἀποστόλου
1744 2920 1891 3009 μεγάλου
1917 2921 2153 3007 γεγραμμένων

1434 3034 1666 3112 τερατολογίας
1681 3024 1762 3113 ήμῖν
1776 3025 1821 3106 ὡς
1835 3024 1881 3095 δι’
1897 3027 2048 3112 άγγέλων
2063 3023 2152 3120 αύτῷ

1435 3135 1647 3220 δεδειγμένας
1656 3131 2036 3219 ψευδόμενοςέπεισάγει
2046 3134 2153 3218 λέγων

1435 3239 1515 3328 μετὰ
1539 3238 1604 3327 τήν
1627 3237 1812 3308 ἀνάστασιν
1836 3242 1982 3326 ἐπίγειον
2005 3237 2090 3307 εἶναι
2114 3238 2146 3306 τί

1418 3384 1422 3427 η
1433 3353 1604 3432 βασίλειον
1627 3359 1688 3415 τοῦ
1706 3350 1865 3433 Χριστοῦ,
1888 3347 1942 3414 καί
1966 3345 2067 3412 πάλιν
2086 3347 2152 3413 έπι·

1419 3442 1573 3541 Ιθυμιάις
1608 3454 1663 3521 καὶ
1700 3451 1840 3540 ἡδοναῖς
1872 3455 1908 3520 έν
1935 3449 2153 3538 Ἰερουσαλήμ

1433 3557 1496 3645 τήν
1510 3558 1616 3645 σάρκα
1630 3559 1890 3646 πολιτευομένην
1901 3557 2082 3627 δουλεύειν.
2096 3559 2153 3625 καὶ

1435 3663 1556 3753 ἐχθρὸς
1574 3663 1734 3754 ὑπάρχων
1747 3679 1819 3745 ταῖς
1834 3679 1977 3752 γραφαῖς
1991 3668 2052 3732 τοῦ
2065 3666 2152 3733 θεοῦ

1433 3767 1582 3858 άριθμδν
1604 3777 1841 3861 χιλιονταετίας
1862 3773 1899 3839 έν
1917 3771 2011 3862 γάμφ
2026 3772 2152 3857 ἑορτῆς,

1433 3878 1545 3944 θέλων
1559 3883 1700 3965 πλανᾶν,
1715 3880 1802 3962 λέγει
1812 3882 1974 3963 γίνεσθαι.
1998 3881 2028 3947 5.
2038 3878 2093 3945 καὶ
2103 3868 2152 3945 τόν

1417 3964 1535 4083 Ξαύτὸς
1571 3979 1711 4069 άρέγετο
1749 3982 1982 4071 φιλοσώματος
2016 3981 2065 4052 ὧν
2096 3984 2151 4051 καί

1418 4088 1523 4171 ιπάνυ
1542 4089 1708 4175 σαρκικὸς,
1724 4093 1760 4158 έν
1778 4090 1909 4170 τούτοις
1924 4089 2151 4178 ὀνειροπολεῖν

1417 4190 1582 4283 λέσεσθαι,
1606 4195 1747 4286 γαστρὸς
1766 4198 1905 4265 καὶτῶν
1925 4194 1990 4265 ὑπὸ
2009 4199 2151 4286 γαστέρα

1418 4286 1650 4390 λπλησμοναῖς,
1669 4306 1815 4373 τουτέστι
1837 4310 1953 4384 σιτίοις
1969 4305 2023 4371 καὶ
2038 4318 2151 4384 ποτοῖς

1417 4396 1487 4493 inat
1519 4410 1649 4498 γάμοις,
1681 4413 1736 4479 καὶ
1769 4409 1813 4478 δι’
1844 4402 1892 4478 ὦν
1920 4407 2151 4497 εὐφημότερον

1418 4514 1536 4611 ᾖταῦτα
1568 4514 1664 4606 ᾠήθη
1698 4525 1904 4602 ποριεῖσθαι,
1937 4517 2067 4600 ἑορταῖς
2096 4517 2151 4582 καὶ

1418 4627 1555 4701 ’θυσίας
1590 4622 1646 4689 καὶ
1681 4626 1810 4705 ίερείων
1843 4635 1994 4708 σφαγαῖς.
2033 4626 2052 4687 6
2055 4673 2149 4689 .....

1431 4726 1591 4814 Ἰωάννην
1610 4727 1670 4796 τὸν
1689 4726 1876 4796 άπόστολου
1894 4733 2059 4796 εἰσελθεῖν
2072 4754 2151 4795 ποτε

1433 4836 1470 4902 έν
1498 4839 1663 4927 βαλανείφ
1692 4832 1775 4903 ὥστε
1799 4832 1999 4917 λούσασθαι,
2027 4833 2152 4921 γνόντα

1434 4939 2155 5027 δέένδονὅντατὸνΚήρινθονάποτηδήσαί

1417 5075 1466 5185 pta
1502 5053 1563 5117 τοῦ
1600 5047 1704 5116 τόπου
1741 5047 1795 5114 καὶ
1829 5049 1985 5133 ἐκφυγεῖν
2016 5047 2151 5134 θνράζε,

1433 5154 1511 5243 μηδ’
1529 5153 1754 5242 ὑπομείναντα
1770 5164 1832 5240 τήν
1847 5152 1952 5240 αὐτὴν
1967 5151 2055 5248 αὐτῷ
2073 5152 2150 5220 ὑπο-

1418 5282 1421 5329 !
1434 5266 1534 5329 δῦναι
1544 5262 1674 5347 στέγην,
1684 5257 1785 5328 ταὺτὸ
1797 5259 1833 5327 δὲ
1842 5262 2079 5339 τοίνοκαὶτοῖς
2088 5257 2151 5326 σύν

1418 5354 1523 5458 ἕατ’-τῷ
1547 5369 1743 5455 παραινέσαι
1766 5366 1934 5452 φήσαντα,
1958 5365 2151 5451 ,.φύγωμεν,

1902 5672 1939 5722 8*
