4934 6526
813 1342 816 1357 '
897 1328 1124 1406 Praefatio
1152 1328 1405 1406 Editorum.

1097 1507 1204 1516 ..μ-...-

327 1631 505 1718 Dionysius
525 1633 784 1697 Telmaharensis
795 1629 830 1718 ¹),
852 1631 1034 1717 praeclarus
1058 1631 1142 1695 inter
1166 1628 1263 1716 Syros
1288 1654 1394 1697 rerum
1419 1632 1569 1715 scriptor,
1591 1632 1666 1697 inde
1689 1632 1730 1696 ab
1755 1654 1781 1696 a.
1805 1631 1859 1698 Gr.
1882 1633 1965 1698 1129
1990 1629 2034 1718 (p.
2059 1629 2134 1697 011.

168 1735 248 1824 828)
274 1761 372 1823 usque
397 1738 436 1803 111
456 1761 483 1802 1.
503 1737 558 1802 Gr.
580 1739 665 1803 1156
689 1740 732 1822 (p.
750 1734 824 1804 Chr.
839 1759 868 1802 n.
884 1735 965 1825 845)
985 1734 1276 1824 Orthodoxorum¹)
1300 1738 1486 1822 patriarcha
1504 1737 1728 1803 Antiochenus
1751 1738 1822 1804 11111.
1859 1739 1921 1816 Qui
1945 1739 2129 1824 priusquam

168 1867 328 1910 summum
352 1846 561 1929 pontificatus
580 1867 697 1908 inunus
722 1845 872 1930 suscepit,
895 1867 967 1909 cum
986 1844 1087 1908 vitam
1106 1843 1329 1908 monachicam
1347 1843 1512 1928 professus
1536 1844 1569 1907 in
1593 1844 1812 1927 compluribus
1832 1841 1942 1928 Syriae
1966 1845 2132 1910 orientalis

168 1951 331 2016 coenobiis
356 1954 497 2015 aetatem
522 1950 661 2034 degeret,
685 1952 819 2015 annales
844 1951 1036 2035 conscripsit
1059 1951 1100 2015 ab
1125 1951 1202 2015 orbe
1225 1948 1355 2015 condito
1378 1971 1478 2034 usque
1502 1949 1543 2013 ad
1566 1971 1658 2014 suam
1682 1956 1822 2015 aetatem
1847 1951 1962 2036 (1.01.
1985 1953 2080 2036 1086,
2104 1976 2132 2037 p.

169 2055 392 2141 01111115)
416 2057 596 2141 perductos.
634 2055 732 2122 Cuius
757 2057 899 2123 chronici
923 2057 1041 2141 duplex
1065 2056 1288 2122 circumfertur
1310 2056 1419 2133 editio,
1443 2057 1545 2121 altera
1568 2056 1766 2141 explicatior,
1790 2058 1893 2122 altera
1916 2059 2052 2125 brevior.
2089 2059 2134 2124 Et

168 2165 325 2229 brevioris
353 2164 504 2229 editionis
533 2168 753 2248 pervetustum
786 2165 948 2247 exemplar
973 2164 1170 2229 Assemanus
1203 2163 1236 2226 in
1260 2159 1404 2227 Seetensi
1427 2161 1587 2246 Deiparae
1611 2161 1766 2247 Syrorum
1795 2165 1990 2230 monasterio
2019 2171 2133 2231 nactus

167 2272 304 2336 Romam
325 2273 444 2353 attulit,
467 2271 522 2334 ubi
546 2273 636 2335 extat
656 2271 688 2334 in
709 2270 905 2335 bibliotheca
919 2269 1086 2335 Vaticana.
1130 2268 1181 2333 Ex
1196 2267 1307 2333 eodem
1321 2268 1405 2332 libro
1420 2272 1546 2332 textum
1565 2271 1771 2354 transcripsit
1789 2272 1939 2354 notisque
1957 2272 2134 2337 illustravit

168 2377 204 2443 0.
227 2378 261 2442 F.
286 2377 452 2462 Tullberg,
476 2376 645 2441 Professor
668 2375 868 2459 Upsaliensis
893 2375 1047 2460 Upsaliae
1071 2398 1099 2440 a.
1125 2375 1219 2441 1850.
1265 2371 1327 2438 Sed
1350 2373 1490 2458 priorem
1514 2380 1640 2439 tantum
1664 2375 1808 2441 chronici
1831 2381 1957 2461 partem
1981 2378 2135 2462 exhibuit,

168 2508 232 2570 qna
254 2507 305 2548 res
330 2485 370 2548 ab
390 2485 467 2548 orbe
488 2483 619 2549 condito
643 2505 743 2566 usque
768 2484 808 2547 ad
827 2481 1033 2547 Constantini
1043 2481 1165 2567 'Magni
1188 2487 1335 2565 tempora
1359 2485 1469 2566 gestae
1494 2487 1695 2547 enarrantur.
1731 2482 1805 2566 Ipse
1828 2487 1935 2548 autem
1956 2482 2134 2568 Dionysius

167 2593 222 2657 111.
249 2593 311 2658 122
336 2590 387 2676 (B.
411 2591 447 2654 0.
471 2590 502 2654 ll
526 2611 579 2674 pg.
605 2590 680 2669 100)
704 2588 742 2652 de
770 2589 907 2672 singulis
937 2589 1043 2672 operis
1073 2590 1122 2652 sui
1145 2588 1292 2671 partibus
1316 2588 1456 2672 explicat
1479 2587 1570 2652 haec:
1600 2586 1740 2672 „Incipit
1762 2590 1841 2655 haec
1866 2592 2053 2675 supputatio
2077 2615 2134 2656 seu

168 2700 341 2765 chronicon
366 2698 406 2761 ab
431 2696 562 2763 exordio
582 2696 691 2759 mundi
711 2700 744 2759 11
762 2697 919 2778 percurrit
938 2717 1038 2779 usque
1061 2695 1101 2760 ad
1120 2700 1226 2760 ortum
1245 2694 1396 2759 Abrahae
1415 2715 1613 2779 regnumque
1636 2694 1715 2760 Nini
1739 2698 1793 2780 qui
1816 2694 1958 2762 Niniven
1982 2697 2135 2781 condidit,

167 2806 381 2890 regnavitque
405 2805 437 2868 in
462 2826 500 2866 ea
524 2823 625 2867 annos
649 2800 720 2864 Lll:
750 2823 835 2866 anno
860 2802 946 2866 enim
969 2800 1061 2866 XLII
1084 2801 1162 2866 Nini
1186 2805 1280 2864 natus
1304 2807 1353 2866 est
1376 2800 1544 2867 Abraham
1567 2803 1751 2886 patriarcha
1774 2808 1857 2868 teste
1880 2803 2063 2887 Eusebio,
2095 2828 2134 2870 ex

169 2935 232 2996 quo
255 2912 379 2975 isthaec
408 2909 516 2973 omnia
539 2909 766 2991 descripsimus
785 2930 886 2992 usque
911 2908 950 2972 ad
975 2912 1115 2973 aetatem
1133 2907 1238 2972 fidelis
1257 2905 1473 2972 Constantini.
1519 2906 1603 2972 Hinc
1627 2930 1702 2973 vero
1726 2931 1826 2992 usque
1851 2910 1891 2974 ad
1914 2910 2135 2977 Theodosium

168 3020 325 3083 iuniorem
349 3016 515 3082 Socratem
540 3015 758 3080 Novatianum
786 3016 887 3078 secuti
916 3037 1034 3080 sumas.
1080 3015 1109 3079 A
1135 3014 1316 3079 Theodosio
1345 3017 1454 3077 autem
1478 3013 1518 3077 ad
1544 3013 1758 3080 lastinianum
1787 3017 2027 3103 imperatorem,
2055 3021 2085 3084 h.
2109 3043 2136 3087 1.

169 3127 208 3190 ad
234 3149 261 3190 a.
285 3125 503 3208 885.,111111111
527 3123 698 3186 habuimus
722 3120 752 3186 S.
777 3121 930 3185 loannem
960 3122 1145 3205 episcopum
1169 3121 1277 3186 Asiae.
1322 3120 1406 3185 Hinc
1430 3142 1505 3185 vero
1530 3143 1629 3205 usqne
1654 3122 1693 3186 ad
1717 3129 1921 3206 praesentem
1944 3148 2078 3209 annum,
2101 3128 2135 3193 in

169 3256 233 3317 quo
252 3254 372 3311 sumus,
395 3253 495 3314 usque
514 3230 554 3293 ad
574 3251 692 3294 annum
712 3228 889 3292 Alexandri
908 3229 1010 3305 1086.
1029 3228 1083 3312 qui
1103 3232 1153 3291 est
1171 3227 1312 3312 Hegirae
1335 3228 1415 3304 158.
1433 3227 1593 3291 neminem
1613 3229 1701 3293 nacti
1717 3252 1836 3312 sumus,
1855 3231 1910 3315 qui
1929 3234 2134 3317 antiquorum

170 3340 361 3422 scriptorum
385 3337 532 3420 exemplo
556 3358 607 3399 111
632 3335 845 3399 amaioribus
870 3340 990 3419 gestas,
1013 3334 1278 3419 calamitatesque
1296 3338 1366 3398 tum
1385 3337 1513 3416 patrum
1532 3339 1717 3400 nostrorum
1741 3337 1905 3420 memoria,
1928 3343 1998 3402 tum
2022 3344 2135 3405 nostra

170 3449 275 3510 aetate
294 3446 492 3529 ingruentes,
515 3441 598 3505 hanc
613 3441 802 3525 praesertim
818 3440 1040 3505 amaritudinis
1056 3446 1089 3505 ct
1106 3440 1325 3505 tribulationis
1344 3444 1579 3524 tempestatem,
1602 3464 1699 3526 quam
1718 3447 1851 3527 propter
1870 3451 2003 3528 peccata
2024 3450 2136 3510 nostra

171 3553 211 3616 ab
231 3551 374 3635 Assyriis
395 3555 427 3614 et
445 3548 597 3613 Barbaria
617 3548 767 3632 patimur,
786 3551 934 3612 accurate
956 3547 1163 3631 descripserit
1182 3548 1259 3612 etc.“
1303 3547 1512 3611 Eusebium
1532 3549 1632 3633 igitur
1651 3550 1767 3632 prioris
1792 3552 1895 3634 partis
1919 3551 2040 3616 fontem
2065 3575 2135 3617 esse

170 3659 298 3722 disertis
318 3658 425 3721 verbis
445 3655 623 3739 Dionysius
643 3656 783 3718 affirmat
806 3654 954 3739 idemque
978 3656 1073 3720 rebus
1093 3653 1300 3720 Constantini
1324 3655 1482 3718 enarratis
1502 3654 1570 3739 (pg.
1591 3656 1653 3721 108
1674 3657 1721 3721 ed.
1740 3657 1873 3743 Tullb.):
1893 3658 2038 3736 „Finitus
2059 3660 2136 3743 est“,

170 3766 283 3850 inquit,
307 3764 408 3848 „liber
432 3785 526 3847 quem
550 3763 591 3826 ab
615 3761 786 3827 Eusebio
806 3760 1044 3845 desumpsimus
1069 3784 1141 3825 cum
1160 3762 1232 3826 aliis
1251 3762 1356 3844 rebus,
1379 3783 1459 3845 quas
1479 3762 1667 3846 collegimus
1692 3763 1840 3828 emultis
1860 3763 1900 3828 ad
1919 3766 2134 3851 peragendam

168 3874 255 3937 viam
278 3894 341 3955 qua
360 3870 499 3953 ingressi
523 3870 662 3935 sumus.“

257 4000 263 4012 ·
329 3977 441 4062 Neque
460 3977 518 4040 illa
537 3975 674 4060 quidem,
693 3998 774 4059 quae
793 3975 854 4039 XX
874 3975 1036 4059 prioribus
1056 3976 1217 4041 editionis·
1231 3975 1481 4060 Tullbergianae
1501 3976 1628 4060 paginis
1652 3977 1869 4061 continentur,
1893 3977 1934 4042 ad
1956 3977 2136 4045 Eusebium

170 4085 236 4150 ullo
266 4083 361 4148 modo
394 4086 554 4166 spectant,
588 4079 740 4164 Syrorum
770 4082 856 4144 enim
885 4085 961 4145 sunt
988 4081 1026 4144 de
1055 4083 1207 4165 spelunca
1234 4081 1378 4146 thesauri
1407 4081 1628 4166 similibusque
1656 4083 1751 4147 rebus
1779 4083 1914 4148 ridicula
1944 4091 2136 4152 commenta.

171 4193 232 4257 Sed
256 4213 337 4276 quae
356 4191 504 4273 deinceps
525 4191 702 4272 sequuntur
721 4188 761 4251 ab
781 4192 924 4252 extrema
946 4208 1000 4273 pg.
1014 4187 1076 4252 XX
1091 4188 1129 4252 acl
1153 4190 1249 4253 finem
1268 4210 1378 4272 nsque,
1400 4187 1586 4253 Eusebiana
1605 4189 1713 4253 omnia
1736 4211 1806 4254 esse
1826 4190 1947 4255 videbis
1969 4193 2135 4258 nonnullis

170 4306 278 4363 tamen
308 4295 436 4361 aliunde
461 4293 623 4359 admixtis.
670 4295 775 4377 Atque
800 4293 883 4376 quod
908 4295 1052 4377 pauculis
1077 4317 1115 4358 ex
1137 4294 1264 4379 paginis
1288 4296 1439 4360 facillime
1463 4295 1678 4380 intellegitur,
1710 4295 1742 4360 id
1766 4296 1941 4362 Aemilium
1964 4299 2134 4384 Roedigcr,

171 4407 274 4469 virum
308 4405 439 4486 linguae
469 4400 618 4485 Syriacae
654 4401 898 4484 peritissimum,
930 4402 963 4464 in
992 4400 1125 4465 Eusebii
1158 4401 1297 4466 editione
1325 4400 1528 4467 Schoeniana
1555 4402 1742 4467 adornanda
1769 4404 1865 4488 plane
1893 4407 2040 4490 effugisse
2069 4429 2135 4472 non

171 4533 341 4596 possumus
371 4532 436 4574 non
464 4508 583 4571 mirari.
630 4506 730 4591 quue
759 4530 796 4572 eo
825 4507 1003 4571 mirabilius
1032 4513 1094 4591 est,
1121 4509 1207 4593 quod
1235 4509 1409 4574 chronicon
1438 4509 1598 4593 quoddam
1623 4507 1788 4593 Syriacum
1814 4534 1841 4574 a.
1865 4511 1929 4575 636
1952 4535 1983 4596 p.
2007 4508 2082 4577 Chr.
2106 4536 2136 4579 n.

171 4619 390 4701 conscriptum
418 4615 451 4678 in
480 4614 583 4679 altero
606 4613 740 4678 Eusebii
769 4614 992 4679 chronicorum
1016 4615 1179 4680 volumine
1207 4616 1248 4679 ad
1275 4616 1408 4680 verbum
1437 4616 1492 4679 ille
1516 4618 1683 4699 convertit,
1707 4639 1902 4700 quamquam
1924 4619 2045 4683 nullius
2069 4620 2135 4684 fere

170 4726 267 4809 pretii
291 4728 349 4807 est,
372 4722 492 4807 quippe
517 4720 676 4803 quadres
705 4724 833 4785 tantum
858 4742 1034 4804 perpaucas
1063 4722 1155 4786 annis
1182 4745 1246 4787 non
1271 4723 1443 4807 adscriptis
1468 4728 1604 4787 enarret.
1652 4723 1762 4808 Longe
1785 4724 1851 4790 alia
1874 4731 1925 4789 est
1943 4723 2136 4810 Dionysiani

170 4832 313 4896 chronici
343 4831 441 4910 rati0,
474 4827 557 4910 quod
592 4827 631 4891 ad
656 4849 749 4910 quem
781 4828 961 4892 Abralrami
989 4851 1110 4892 annum
1137 4829 1310 4912 „historia“
1339 4852 1483 4914 quaeque
1511 4831 1683 4914 pertineat,
1711 4831 1914 4896 exactissime
1947 4833 2136 4917 plerumque

170 4939 311 5003 denotat.
358 4939 406 5001 Ac
425 4936 578 5000 vellemus
598 4935 709 4999 eadem
726 4957 851 5018 semper
870 4936 1039 5019 diligentia
1054 4958 1131 5000 usus
1154 4941 1239 5001 esset
1258 4937 1311 5001 ille
1334 4937 1614 5021 chronographus!
1639 4935 1700 5001 Sed
1719 4939 1764 5019 fit,
1783 4943 1820 5002 ut
1841 4940 1936 5003 unius
1955 4941 2033 5004 faeti
2052 4963 2136 5006 anno

170 5045 298 5109 definito
327 5044 389 5107 alia
417 5043 560 5126 proferat
587 5043 739 5106 incertius
769 5041 903 5106 addens:
932 5043 1124 5127 „eodemque
1152 5049 1296 5127 tempore
1326 5043 1520 5108 floruerunt“
1548 5044 1598 5106 vel
1631 5065 1707 5126 „per
1734 5043 1818 5108 idem
1846 5051 1975 5128 tempus
2004 5047 2136 5111 accidit“

170 5152 222 5215 vel
241 5151 369 5215 similia.
415 5148 488 5212 Fila
507 5169 680 5234 regnorum
699 5149 745 5212 ita
765 5148 904 5231 exhibet,
927 5154 963 5213 111
981 5150 1075 5214 unius
1094 5153 1222 5213 tantum
1245 5150 1331 5234 regis
1356 5172 1474 5214 annum
1496 5151 1647 5214 ultimum
1672 5152 1822 5216 ascribat.
1868 5152 1974 5236 Atque
1998 5154 2136 5236 primum

169 5280 264 5345 reges
289 5257 442 5341 Assyrios
466 5279 485 5319 a
509 5255 595 5319 Nino
615 5278 715 5339 usque
735 5255 774 5319 ad
799 5255 953 5319 Balneum
976 5262 1135 5340 recenset,
1158 5256 1231 5322 dein
1255 5257 1435 5341 Aegyptios
1461 5258 1502 5322 ab
1526 5257 1657 5341 Apophi
1681 5264 1781 5342 usqu'e
1804 5258 1844 5321 ad
1868 5257 1968 5323 hlosis
1988 5262 2139 5343 aetatem,

170 5371 240 5428 tum
260 5365 430 5428 Persarum
454 5384 556 5448 reges,
579 5361 793 5444 Ptolemaeos,
817 5361 1038 5427 Romanorum
1061 5363 1282 5447 imperatores.
1328 5362 1460 5428 Summa
1484 5369 1590 5428 autem
1615 5363 1773 5429 industria
1795 5365 1829 5428 in
1850 5367 1956 5448 spatio
1981 5366 2137 5432 historico

170 5476 183 5482 .-
191 5473 382 5481 ----.--

244 5526 269 5591 1)
294 5522 341 5576 cfr.
363 5524 382 5578 l.
404 5521 430 5574 S.
451 5518 597 5573 Assenrani
620 5519 650 5573 Β.
667 5519 698 5574 Ο.
714 5520 744 5574 Τ.
760 5518 794 5572 11.
814 5537 860 5589 pg.
881 5524 913 5573 98
938 5538 977 5589 sq.
997 5522 1025 5574 et
1048 5539 1094 5590 pg.
1114 5526 1166 5574 344
1189 5539 1229 5589 sq.
1249 5524 1278 5574 et
1296 5520 1466 5576 Barhebraei
1489 5523 1584 5576 chron.
1609 5521 1706 5576 eccles.
1731 5522 1774 5577 ed.
1794 5521 1935 5577 Abbeloos
1961 5525 1989 5577 et
2014 5523 2101 5593 Lamp
2126 5524 2138 5577 l

170 5631 216 5684 pg.
238 5618 288 5666 343
309 5629 348 5680 sq.
425 5613 450 5676 2)
471 5608 573 5678 quibua
594 5608 712 5662 Rornani
732 5614 761 5662 ct
780 5609 879 5663 Graeci
899 5607 1160 5679 hlonophysitarum
1179 5615 1274 5664 notam
1295 5609 1428 5665 adiciunt.
