4934 6526
1202 511 1241 524 ..
1288 478 1331 542 56
1380 515 1417 524 -

1079 671 1082 739 Ι
1122 684 1147 727 a.
1166 669 1277 727 Hieron.
1334 686 1359 728 a.
1377 684 1452 728 vers.
1467 670 1559 727 Arm*
1855 671 2013 738 Eusebius

1079 750 1080 755 i
1572 777 1611 846 τὰ
1631 784 1715 864 ἔθνη
1735 781 1771 845 έν
1785 783 1830 870 τῷ
1847 775 1989 865 ὀνόματί
2000 782 2097 865 μου“.
2126 782 2155 845 3.
2172 777 2212 846 ού
2226 777 2293 865 μὴν

1573 884 1657 953 ἀλλά
1677 886 1731 951 καὶ
1750 889 1810 952 τοῦ
1829 889 1914 953 λαοῦ
1929 890 1988 971 τῆς
2002 883 2295 971 ένἹεροσολύμοις

1575 994 1747 1078 ἐκκλησίας
1769 990 1851 1058 κατά
1874 1018 1947 1058 τινα
1971 990 2122 1079 χρησμὸν
2146 1005 2214 1071 τοῖς
2238 990 2294 1059 αό-

611 674 782 759 Ilionysius

324 788 369 866 ut,
384 806 480 867 quum
496 805 645 848 numerus
661 805 772 846 eorum
788 781 843 866 qui
857 782 891 845 in
901 762 1081 844 Christuml

324 891 488 955 crederent
505 888 749 973 Hierosolymae
772 888 951 972 completus
974 850 1082 966 esset!

325 997 477 1062 iudicium
506 996 664 1060 vindictae
697 996 823 1060 divinae
856 1016 952 1079 super
974 992 1081 1091 illam:

325 1105 436 1169 urbem
456 1104 590 1167 veniret:
610 1103 733 1167 scilicet
748 1124 843 1186 super
856 1103 969 1167 urbem
984 1102 1081 1205 quae}

325 1215 393 1275 erat
427 1215 524 1295 caput
555 1210 647 1294 regni
679 1209 872 1274 ludaeorum
906 1212 938 1272 et
971 1228 1066 1291 super

324 1325 443 1382 terram
462 1316 616 1381 Iudaeam
636 1320 669 1379 et
688 1338 783 1401 super
802 1315 987 1400 quemlibet,
1011 1312 1065 1397 qui

325 1424 460 1488 saevivit
498 1428 610 1487 contra
638 1421 803 1487 Christum
836 1426 869 1486 et
900 1421 1081 1512 apostolos¹

325 1531 405 1613 eius,
437 1531 482 1594 ita
514 1535 549 1594 ut
578 1529 697 1593 deleret
725 1550 852 1592 omnem
880 1522 1082 1612 progeniem?

325 1637 444 1702 malam
467 1659 505 1701 ex
529 1636 589 1700 hac
612 1637 752 1720 regione.
796 1633 859 1699 Illa
877 1635 963 1698 enim
982 1596 1082 1696 malai

324 1743 506 1808 inciderunt
531 1743 579 1822 [in
603 1764 730 1807 omnem
753 1743 906 1827 populum
931 1740 1066 1819 intuta]

324 1847 409 1933 (illa)
447 1849 590 1933 regione,
628 1849 675 1912 ita
708 1853 743 1913 ut
774 1849 898 1914 incolae
930 1846 1067 1911 Iudaeae

324 1956 489 2039 suppliciis
505 1955 708 2040 gravissimis
727 1978 803 2038 prae
819 1954 932 2019 ceteris
949 1953 1067 2017 crucia-

323 2065 435 2126 rentur
467 2065 499 2126 et
534 2083 629 2144 quam
662 2061 794 2145 plurimi
828 2060 925 2125 simul
959 2058 1067 2144 gladio

325 2174 358 2231 et
381 2166 464 2232 fame
489 2173 521 2232 et
545 2167 655 2231 multis
674 2168 780 2252 plagis
800 2167 975 2232 mortiferis
994 2187 1067 2229 con·

326 2273 475 2338 siderent.
520 2273 565 2338 Et
588 2276 784 2359 expugnatio
806 2277 877 2338 erat
895 2273 1068 2337 multarum

326 2379 463 2446 Iudaeae
482 2382 619 2464 urbium,
644 2381 698 2445 sed
717 2381 765 2444 illi
784 2379 1068 2445 vehementissima

326 2487 413 2551 mala
441 2487 590 2552 viderunt
617 2487 672 2571 qui
695 2486 944 2571 Hierosolymae
968 2489 1068 2568 erant,

326 2594 380 2677 qui
409 2594 448 2658 ad
472 2593 633 2678 refugium
656 2594 872 2678 quaerendum
896 2593 973 2657 illuc
996 2614 1067 2656 con-

325 2700 476 2783 fugerant
503 2701 621 2785 quippe
647 2701 681 2763 in
703 2701 816 2764 urbem
840 2699 1068 2763 firmissimam.

326 2805 370 2868 Et
405 2806 518 2869 modus
550 2808 651 2870 totius
683 2807 759 2870 belli
793 2811 825 2871 et
857 2829 950 2871 omne
984 2805 1067 2890 quod

327 2911 443 2976 accidit
465 2913 498 2975 in
522 2933 559 2976 eo
584 2912 790 2997 singillatim,
815 2913 862 2978 ita
884 2917 920 2978 ut
942 2912 976 2976 in
1001 2913 1067 2978 eius

325 3019 390 3082 fine
418 3019 586 3082 exsisteret
614 3019 742 3103 signum
771 3020 876 3085 caedis
906 3024 938 3084 et
963 3023 1068 3084 vasta-

326 3125 436 3207 tionis,
459 3123 531 3210 (tali
552 3125 639 3190 modi
659 3123 788 3213 evenit),
811 3128 858 3191 uti
877 3126 997 3190 dictum
1021 3132 1070 3190 est

327 3254 384 3316 per
393 3231 553 3315 profetam
564 3232 602 3296 de
617 3234 739 3318 templo
754 3234 971 3318 celeberrimo,
986 3233 1069 3317 quod

327 3339 442 3404 fuisset
456 3338 529 3402 dei*
543 3339 578 3402 in
593 3340 725 3424 antiquo
741 3347 893 3426 tempore,
910 3344 980 3404 tum
995 3363 1070 3406 vero

327 3447 396 3531 igni
413 3447 580 3510 incensum
599 3446 785 3512 dirueretur.
823 3447 884 3524 Qui
903 3447 973 3512 vult
991 3448 1069 3512 haee

329 3552 459 3634 discere,
478 3555 625 3616 accurate
645 3552 804 3636 eIosephi
823 3554 960 3618 historia
975 3576 1071 3638 quam

328 3660 382 3724 ille
415 3659 557 3743 scripsit,
593 3665 727 3742 quaerat
758 3664 790 3723 et
821 3660 931 3724 discat
985 3659 1071 3724 Nam

278 3763 280 3766 ’
327 3765 484 3850 Iosephus
511 3764 565 3829 ille
594 3772 737 3848 enarrat,
764 3767 912 3831 homines
941 3788 979 3830 ex
1001 3771 1072 3831 tota

328 3870 447 3935 Iudaea
457 3870 600 3936 Paschae
610 3873 721 3939 diebus
733 3873 923 3938 confluxisse
938 3877 970 3938 et
979 3874 1071 3958 quasi

329 3979 362 4042 in
390 3979 520 4044 domum
553 3981 754 4066 captivorum
783 4003 838 4045 eos
870 3982 1008 4045 intrasse
1039 3986 1072 4046 et

328 4083 571 4168 Hierosolymae
607 4089 773 4168 [inclusos]
807 4087 907 4152 fuisse
946 4088 1072 4153 circiter

329 4194 489 4254 trecentas
518 4193 678 4276 myriades
702 4192 879 4258 hominum.
925 4193 992 4258 Nec
1014 4216 1072 4257 no-

331 4300 434 4361 strum
472 4301 520 4361 est
553 4298 632 4362 haec
668 4320 825 4362 enarrare.
876 4297 965 4363 Iusta
996 4321 1071 4365 vero

332 4408 400 4468 erat
428 4400 576 4490 (poena),
607 4427 671 4488 qua
697 4404 763 4469 illis
787 4405 899 4469 diebus
928 4405 990 4488 illi,
1017 4405 1072 4489 qui

331 4511 520 4596 congregati
549 4512 729 4577 saevierant
756 4513 790 4576 in
818 4513 1011 4578 salvatorem
1040 4515 1072 4575 et

211 4702 216 4709 Ι
331 4618 364 4680 in
388 4640 474 4701 cum,
497 4618 551 4701 qui
575 4619 683 4682 omnia
706 4619 791 4684 bona
814 4641 913 4703 opera
934 4617 1071 4683 Messiae

331 4723 389 4785 filii
430 4724 480 4787 dei
522 4724 655 4808 fecerat,
695 4725 814 4790 ibidem
851 4725 1072 4790 vinciebantur

332 4830 423 4913 quasi
451 4830 485 4893 in
509 4829 604 4894 domo
628 4832 829 4915 captivorum
853 4836 885 4895 et
907 4832 1072 4895 interitum
1116 4824 1125 4843 ⁴

332 4958 351 4999 a
374 4936 490 5000 iudicio
513 4936 599 5001 iusto
624 4936 674 5000 dei
698 4938 907 5021 accipiebant.

1328 5296 1331 5313 1

1574 1097 1652 1164 τόθι
1667 1102 1817 1183 δοκίμοις
1832 1094 1876 1164 δι’
1893 1096 2133 1180 ἀποκαλύψεως
2147 1100 2295 1166 δοθέντα

1574 1203 1637 1291 πρό
1657 1208 1717 1271 τοῦ
1735 1206 1882 1288 πολέμου
1901 1210 2144 1292 μεταναστῆναι
2163 1210 2221 1291 τῆς
2236 1204 2296 1272 πό-

1574 1319 1656 1390 λεως
1673 1316 1732 1378 καί
1747 1337 1821 1377 τινα
1840 1315 1898 1397 τῆς
1913 1317 2059 1396 Περαίας
2077 1312 2176 1380 πόλιν
2191 1316 2296 1378 οίκεῖν

1575 1418 1848 1503 κεκελευσμένου,
1880 1419 2013 1485 Πέλλαν
2041 1414 2146 1504 αότῆν
2174 1415 2295 1504 όνομά-

1577 1531 1699 1607 ξουσιν,
1720 1527 1756 1591 ἐν
1776 1515 1797 1612 ῆ
1815 1528 1883 1592 τῶν
1903 1529 1949 1604 είς
1964 1522 2109 1612 Χριστὸν
2125 1545 2296 1593 πεπιστευ-

1575 1630 1683 1698 κότων
1706 1628 1771 1698 άπὸ
1790 1636 1848 1717 τῆς
1862 1628 2080 1718 Ἰερουσαλὴμ
2099 1632 2296 1722 μετῳκισμέ-

1576 1764 1661 1823 νων,
1705 1735 1798 1805 ὡσάν
1834 1742 2004 1817 παντελῶς
2040 1739 2296 1807 ἐπιλελοιπότων

1577 1840 1683 1930 ἁγίων
1707 1828 1843 1931 ἀνδρῶν
1865 1841 1971 1930 αύτήν
1990 1871 2024 1912 τε
2042 1843 2105 1930 τῆν
2122 1842 2296 1912 Ἰουδαίων

1576 1949 1751 2037 βασιλικὴν
1766 1953 1972 2040 μητρόπολιν
1982 1952 2034 2018 καὶ
2048 1951 2226 2038 σύμπασαν
2236 1949 2297 2037 τῆν

1575 2055 1743 2124 Ἰουδαίαν
1767 2061 1842 2143 γῆν,
1868 2055 1888 2144 ῆ
1913 2061 1949 2127 έκ
1971 2061 2057 2126 θεοῦ
2080 2061 2155 2143 δίκη
2180 2057 2298 2125 λοιπὸν

1577 2160 1700 2241 αὐτοὺς
1718 2162 1776 2231 άτε
1794 2168 1939 2231 τοσαῦτα
1959 2172 2006 2244 είς
2024 2192 2058 2233 τε
2076 2162 2136 2232 τόν
2150 2163 2298 2251 Χριστὸν

1576 2269 1630 2334 καὶ
1654 2267 1733 2348 τοὺς
1756 2266 1962 2350 ἀποστόλους
1986 2268 2090 2339 αύτοῦ
2109 2295 2299 2358 παρηνομη·

1576 2375 1675 2453 κότας
1702 2375 1827 2464 μετῄει,
1854 2381 1922 2444 τῶν
1949 2375 2080 2462 ἀσεβῶν
2104 2376 2213 2464 άρδην
2236 2377 2299 2463 τῆν

1577 2479 1696 2567 γενεὰν
1707 2479 1812 2568 αύτῆν
1826 2486 1956 2570 ἐκείνην
1967 2485 2000 2565 ἐξ
2009 2482 2203 2570 ἀνθρώπων
2213 2481 2298 2568 άφα-

1577 2594 1722 2668 νίζουσα.
1753 2593 1783 2657 4.
1801 2587 1864 2657 ὅσα
1883 2589 1944 2677 μὲν
1964 2582 2027 2659 οὖν
2045 2590 2201 2677 τηνικάδε
2216 2589 2298 2658 κατά

1577 2695 1686 2763 πάντα
1712 2695 1818 2764 τόπον
1846 2695 1912 2788 dap
1941 2701 1985 2789 τῷ
2015 2703 2108 2765 ἔθνει
2132 2700 2298 2785 συνερρύη

1578 2801 1674 2889 κακά,
1700 2801 1788 2884 ὅπως
1811 2830 1845 2871 τε
1868 2796 1912 2872 αὖ
1931 2804 2072 2890 μάλιστα
2092 2807 2127 2872 oi
2143 2809 2202 2890 τῆς
2218 2802 2299 2872 Ἰου-

1579 2912 1675 2987 δαίας
1707 2907 1877 2996 οίκῆτορες
1904 2914 1951 2990 είς
1978 2916 2117 2998 ἔσχατον
2145 2910 2300 2998 περιηλά-

1578 3024 1691 3100 θησαν
1715 3019 1914 3101 συμφορῶν,
1938 3013 2058 3084 ὁπόσαι
2082 3045 2117 3086 τε
2142 3017 2301 3104 μυριάδες

1578 3119 1709 3209 ῆβηδὸν
1737 3123 1890 3206 γυναιξὶν
1919 3120 1986 3208 ἅμα
2015 3125 2070 3191 καὶ
2093 3126 2187 3191 παισὶ
2212 3126 2299 3211 ξίφει

1578 3229 1633 3295 καὶ
1649 3233 1733 3320 λιμῷ
1749 3227 1804 3294 καὶ
1818 3234 1949 3316 μυρίοις
1963 3229 2077 3310 ἄλλοις
2092 3234 2194 3298 είδεσι
2208 3254 2297 3316 περι-

1579 3333 1765 3403 πεπτώκασι
1798 3336 1965 3423 θανάτου,
1999 3336 2130 3406 πόλεων
2161 3364 2195 3405 τε
2221 3334 2300 3404 Ἰου-

1580 3445 1706 3510 δἀίκῶν
1729 3439 1806 3509 όσαι
1832 3469 1867 3511 τε
1890 3445 1945 3511 καὶ
1969 3437 2038 3512 οἷαι
2061 3443 2219 3530 γεγόνασι
2241 3468 2300 3531 ποῖ

1580 3554 1734 3634 λιορκίαι,
1758 3546 1842 3616 aar&
1866 3549 1920 3617 καὶ
1940 3550 2046 3618 ὁπόσα
2072 3553 2107 3618 οί
2123 3548 2172 3619 ἐπ’
2194 3547 2300 3636 αὐτὴν

1575 3652 1792 3741 Ἰερουσαλὴμ
1816 3652 1909 3723 deda
1929 3657 1981 3723 ἐπὶ
2000 3659 2207 3743 μητρόπολιν
2227 3654 2301 3743 ὀχυ-

1580 3762 1729 3847 ρωτάτην
1742 3762 2027 3847 καταπεφευγότες
2041 3762 2134 3830 δεινά
2149 3764 2203 3830 καὶ
2217 3765 2302 3848 πέρα

1581 3871 1702 3936 δεινῶν
1725 3865 1903 3953 ἑωράκασι,
1926 3872 1986 3936 τοῦ
2009 3894 2044 3937 τε
2066 3868 2190 3948 παντὸς
2207 3868 2301 3937 πολέ-

1580 4001 1645 4061 μου
1676 3973 1737 4042 τόν
1769 3974 1910 4060 τρόπον,
1943 3976 1998 4041 καὶ
2030 3980 2097 4044 τῶν
2130 3978 2166 4045 έν
2193 3978 2300 4070 τούτῳ

1581 4083 1811 4168 γεγενημένων
1840 4084 1876 4150 ἐν
1902 4083 1991 4168 μέρει
2017 4084 2151 4171 ἕκαστα,
2179 4086 2234 4153 καὶ
2258 4084 2302 4167 ὡς

1582 4188 1634 4256 ἐπὶ
1656 4189 1741 4254 τέλει
1763 4187 1800 4255 τὸ
1825 4186 1908 4274 πρὸς
1930 4193 1997 4256 τῶν
2019 4195 2202 4278 προφητῶν
2221 4191 2301 4281 άνη·
2334 4190 2337 4198 ’

1581 4295 1785 4381 γορευμένον
1817 4295 1986 4382 βδέλυγμα
2018 4301 2077 4382 τῆς
2107 4298 2301 4384 ἐρημώσεως

1582 4396 1715 4490 έναύτῷ
1731 4400 1867 4487 κατέστη
1882 4405 1927 4491 τῷ
1937 4401 2038 4469 πάλαι
2048 4407 2108 4470 τοῦ
2119 4409 2203 4472 θεοῦ
2214 4428 2301 4488 περι-

1581 4505 1691 4597 βοῆτω
1706 4510 1783 4597 νεῷ,
1801 4511 1945 4593 παντελῆ
1960 4507 2098 4594 φθορὰν
2112 4511 2168 4576 καὶ
2182 4507 2300 4597 ἀφανι-

1582 4612 1667 4699 σμὸν
1695 4618 1833 4700 ἔσχατον
1860 4613 1921 4681 τὸν
1949 4613 2005 4681 διὰ
2033 4615 2139 4702 πυρὸς
2165 4614 2300 4704 tropat

1566 4747 1688 4805 aava,
1712 4719 1870 4805 πάρεστιν
1893 4719 1957 4812 ότφ
1978 4726 2079 4806 φίλον
2097 4720 2147 4791 ἐπ’
2169 4722 2302 4810 ἀκριβές

1583 4829 1617 4894 έκ
1640 4831 1698 4912 τῆς
1715 4831 1761 4918 τῷ
1777 4826 1925 4917 Ἰωσήπῳ
1944 4835 2127 4915 γραφείσης
2145 4826 2300 4910 άναλέξα-

1541 5022 1542 5025 ¹
1583 4942 1664 5000 σθαι
1680 4936 1835 5019 ίστορίας.
1856 4937 1885 5002 5.
1896 4932 1941 5014 ὡς
1955 4935 1992 5002 δὲ
2007 4933 2107 5014 αύτὸς
2122 4926 2219 5015 οὗτος
2232 4940 2300 5004 τῶν

1583 5037 1840 5126 ἀθροισθέντων
1855 5039 1920 5109 άπὸ
1935 5040 2164 5128 τῆςἸουδαίας
2173 5039 2301 5129 ἁπάσης

1583 5148 1620 5213 ἐν
1634 5143 1771 5233 ἡμέραις
1784 5151 1841 5233 τῆς
1855 5151 1915 5215 τοῦ
1926 5147 2045 5236 Πάσχα
2060 5148 2177 5235 ἑορτῆς
2191 5146 2299 5236 ὥσπερ

1584 5253 1620 5319 έν
1635 5256 1744 5340 εἱρκτῆ
1755 5252 1900 5338 ῥήμασιν
1913 5254 2026 5334 αὐτοῖς
2035 5253 2300 5342 άποκλεισθῆναι

1584 5363 1631 5438 είς
1649 5357 1688 5426 τά
1701 5356 1917 5447 Ἱεροσόλυμα
1932 5358 2018 5447 άμφὶ
2036 5368 2227 5447 τριακοσίας
2240 5390 2300 5450 μυ-

1584 5464 1744 5551 ριάδαςτδ
1753 5470 1882 5553 πλῆθος
1890 5465 2300 5554 ίστορεῑ,ἆναγκαῖονὺπο-

1584 5571 1807 5658 σημήνασθαι.
1837 5577 1866 5642 6.
1880 5577 1965 5662 χρῆν
1983 5578 2080 5663 γοῦν,
2104 5578 2141 5643 έν
2156 5569 2209 5656 οἷς
2223 5574 2300 5663 ῆμέ-
