4934 6526
588 663 760 746 Dionysius

290 788 424 876 {fectum
456 788 511 872 iri,
541 792 618 852 tuno
646 808 718 851 eum
747 787 859 872 attigit
887 788 1048 853 decretum

290 880 414 988 {iudicii
454 894 567 977 divini,
609 893 694 977 quod
731 896 880 959 convenit
916 894 979 978 ipsi
1016 900 1048 960 et

199 1029 221 1065 ο.
233 1017 277 1058 11⁵.
290 1024 292 1079 j
306 1002 406 1065 servis
426 1002 502 1066 eius.
539 1001 714 1085 Postquam
735 999 830 1064 eum*
849 1001 948 1068 febris
973 1024 1046 1066 con·

289 1086 420 1190 lterens,
431 1130 512 1193 quae
528 1111 618 1171 extra
627 1106 727 1171 videri
737 1130 803 1171 non
813 1114 950 1194 poterat,
960 1133 1044 1176 com·

290 1189 417 1297 'bussit
436 1214 470 1277 in
486 1238 522 1279 ra
541 1218 737 1280 tormentum
756 1215 824 1279 eius
844 1220 973 1281 auctum
988 1222 1046 1302 est,

289 1298 350 1398 {ita
377 1326 413 1384 ut
436 1320 542 1385 cibum
575 1342 699 1385 sumere
726 1322 839 1404 nollet,
867 1345 907 1387 ne
935 1329 1047 1389 venter

289 1412 371 1490 ¹eius
395 1427 660 1512 extenderetur¹);
685 1431 717 1491 et
739 1409 900 1493 uleera⁸et
919 1430 1044 1495 dolores

288 1556 290 1591 ι
304 1554 419 1618 graves
428 1532 548 1620 (erant)
562 1535 595 1597 in
605 1535 780 1599 visceribus
796 1535 863 1599 eius
880 1541 912 1600 et
921 1537 1045 1601 humidi

287 1628 290 1715 l
302 1641 487 1704 tumoresin
494 1642 629 1723 pedibus
640 1643 721 1724 eius3
732 1646 764 1706 et
773 1643 931 1726 gremium
942 1640 1043 1730 eius2)

302 1747 412 1828 putuIt
430 1751 462 1810 et
476 1749 587 1830 genuit
606 1770 730 1812 vermes
746 1755 778 1813 et
797 1749 929 1832 spiritus
950 1771 1045 1835 aeger

303 1874 397 1937 super
420 1854 526 1936 ipsum
550 1858 678 1918 coortus
703 1859 764 1939 est3
790 1860 822 1918 ct
840 1861 973 1920 vexatus
995 1861 1044 1920 est

302 1959 504 2023 exhalatione
523 1961 644 2025 foetida
666 1961 843 2045 affligente3
867 1966 899 2026 et
917 1962 1043 2028 dolores

301 2087 416 2150 graves
436 2067 575 2151 undique
590 2069 768 2132 cruciantes
788 2074 879 2133 erant
896 2070 924 2133 ei
944 2074 976 2133 et
995 2070 1042 2159 vis

301 2195 364 2257 qua
383 2173 534 2237 toleraret
550 2170 635 2259 (eos)
650 2197 715 2238 non
735 2180 804 2240 erat
822 2178 854 2240 in
869 2198 916 2260 eo,
936 2174 1041 2262 (nam)

300 2280 442 2361 prodidit
464 2302 537 2344 eum
555 2280 637 2344 deus
652 2281 750 2345 variis
770 2270 971 2368 doloribus.³)
1008 2283 1041 2346 Is

301 2407 376 2449 vero
387 2409 485 2471 quum
501 2388 651 2451 omnibus
666 2387 732 2451 suis
745 2388 907 2453 doloribus
923 2390 1041 2454 crucia·

300 2495 396 2574 retur,
412 2494 578 2558 contendit
591 2498 627 2558 ut
637 2495 758 2559 viseret
771 2500 803 2559 et
816 2496 1042 2580 circumspexit

301 2600 500 2664 sanationem
526 2605 558 2664 et
574 2601 797 2667 liberationem
814 2605 958 2686 eorporis
976 2604 1040 2682 sui;

300 2708 333 2768 et
343 2705 490 2770 discessit
503 2712 539 2771 ut
554 2729 588 2772 se
598 2709 722 2771 lavaret
735 2708 769 2771 in
780 2709 903 2774 balneis
919 2710 1040 2794 calidis,

301 2833 382 2895 quoe
410 2815 541 2876 suntin
565 2812 731 2878 Calirrboe
755 2812 875 2900 (urbe),
904 2840 1039 2902 quorum

300 2939 401 3002 aquae
421 2924 537 2983 exeunt
556 2921 591 2984 in
610 2922 714 2985 lacum
733 2923 960 3006 Asphaltitem.
995 2925 1041 2990 Et

299 3046 397 3108 quum
420 3026 486 3089 illic
510 3032 608 3109 esset,
639 3028 753 3093 medici
777 3031 948 3097 voluerunt
972 3055 1039 3096 cor·

298 3153 359 3214 pns
387 3132 454 3196 eius
478 3133 548 3198 oleo
571 3135 688 3201 lavare.
732 3136 776 3200 Elt
799 3158 896 3220 quum
920 3161 1040 3225 merge-

285 3213 387 3303 lretur
405 3240 439 3302 in
458 3242 545 3305 vasis
564 3239 634 3306 oleo
654 3243 780 3307 refertis
798 3245 926 3328 penitus
941 3247 1040 3312 disso-

297 3347 385 3412 lutus
405 3352 454 3413 est
474 3353 506 3412 et
525 3348 623 3414 facies
644 3350 712 3414 eius
731 3355 856 3415 mutata
874 3358 923 3418 est
942 3358 1039 3439 atque

299 3459 368 3519 erat
391 3476 509 3540 magna
532 3457 704 3520 commotio
728 3457 810 3540 apud
835 3480 943 3524 servos
962 3461 1039 3526 eius.

297 3559 336 3625 In
363 3562 473 3626 dolore
501 3564 586 3628 enim
615 3564 832 3647 perseveravit
855 3569 887 3630 et
910 3567 948 3630 de
972 3568 1039 3631 utta

298 3692 357 3734 sua
375 3670 565 3754 desperavit.
610 3670 654 3734 Et
674 3671 747 3734 hinc
767 3693 800 3734 se
820 3673 980 3737 convertit
999 3673 1039 3737 ad

298 3772 439 3862 (urbem)
462 3774 586 3842 Iericho
615 3781 648 3841 et
675 3782 883 3862 exasperatus
912 3783 981 3842 erat
1008 3784 1041 3844 et

297 3883 433 3947 infestus
462 3890 531 3949 erat
558 3885 709 3949 adversus
733 3890 869 3949 mortem
894 3888 927 3949 et
949 3907 1039 3969 prae-

299 3991 401 4055 valuit
427 3991 553 4057 insidiis
582 3993 684 4056 malae
710 3992 854 4056 actionis
900 3990 1040 4076 Collegit

299 4100 384 4163 enim
414 4123 452 4165 ex
485 4101 632 4165 omnibus
660 4099 851 4163 Iudaeorum
879 4100 1039 4182 optimati·

298 4204 390 4289 bus⁴)
410 4229 521 4272 omnes
541 4206 664 4271 nobiles
685 4209 716 4269 et
731 4206 816 4269 viros
831 4206 992 4288 principes
1006 4207 1039 4270 in

298 4314 413 4397 locum,
436 4313 491 4399 qui
514 4313 689 4377 vocabatur
715 4309 902 4399 stadiumb);
931 4317 962 4376 et
984 4335 1039 4377 eos

299 4420 393 4506 (illic)
413 4420 531 4486 includi
550 4420 646 4483 iussit
661 4424 692 4483 et
707 4419 875 4484 arcessivit
890 4418 1039 4484 Salomon

194 4565 214 4604 p.
226 4555 271 4596 ιιι.
299 4551 442 4594 sororem
457 4528 571 4592 suam*
587 4527 780 4591 etmaritum
795 4527 862 4591 eius
874 4523 1039 4612 Alexamss)

299 4639 332 4700 et
345 4637 426 4700 dixit
444 4636 523 4699 illis:
546 4635 636 4712 Quod
653 4634 787 4700 ludaeos
803 4634 926 4698 adtinet
939 4633 1039 4718 probe

284 4743 380 4825 ‚scio‚
407 4743 446 4806 iis
475 4742 559 4806 diem
583 4743 695 4806 mortis
724 4763 813 4806 meae
838 4741 921 4805 diem
945 4739 1040 4804 valde

284 4832 418 4915 llaetam
446 4847 529 4931 fore,
558 4848 612 4912 sed
640 4870 770 4931 possum
799 4846 878 4910 mihi
903 4846 942 4909 ab
967 4824 1055 4910 aliis!

285 4920 564 5021 'lamentationem
586 4976 709 5039 parare,
732 4959 769 5016 ut
787 4954 830 5016 sit
848 4952 886 5015 de
905 4973 956 5014 me
970 4951 1039 5016 ulu-

299 5065 392 5128 latus.
429 5062 500 5127 Hoc
528 5066 577 5125 est
604 5082 711 5125 meum
737 5059 933 5141 mandatum,
956 5058 1039 5142 quod

299 5169 428 5254 exsequi
462 5168 567 5233 velitis
600 5168 638 5232 de
669 5168 721 5231 his
749 5168 824 5231 viris
853 5166 886 5230 in
915 5165 1040 5230 vincula

283 5242 461 5349 lconiectis.
516 5274 618 5340 Simul
656 5296 727 5340 oum
763 5278 866 5338 morte
899 5293 969 5336 mea
1001 5271 1040 5334 ad

1179 471 1401 532 -44-

1106 675 1131 717 ο.
1150 658 1261 720 Ηῖοιοο.
1316 675 1343 719 ιι.
1361 674 1436 719 vers.
1451 659 1543 765 Διοκχ

1538 1772 1541 1842 l

1490 2372 1492 2379 ¹
1671 2393 1697 2451 θ
1848 2390 1876 2452 8.
1888 2388 2015 2471 ἐλέγετο
2030 2390 2115 2473 γοῦν
2129 2384 2195 2455 ὑπὸ
2206 2391 2275 2455 τοῖν

1837 663 1996 730 Eusebius

1557 784 1704 872 μὲνγὰρ
1728 784 1877 871 μαλακὸν
1906 777 1949 871 ήν
1974 781 2034 872 οὐχ
2059 776 2124 853 άδε
2147 785 2274 872 πολλήν

1556 891 1787 978 ἀποσημαῖνον
1802 906 1871 972 τοῖς
1884 894 2113 979 ἐπαφωμένοις
2122 892 2184 980 τήν
2194 892 2275 978 φλό-

1556 1019 1672 1084 γωσιν,
1696 997 1780 1085 ὅσην
1803 1013 1872 1078 τοῖς
1893 1001 1986 1078 ε’ντδς
2004 1006 2196 1087 προσετίθει
2213 998 2275 1086 τήν

1556 1105 1714 1191 κάκωσιν,
1743 1109 1902 1192 ἐπιθυμία
1933 1104 1970 1174 δὲ
2002 1107 2096 1192 δεινὴ
2130 1110 2190 1174 τοῦ
2224 1108 2275 1174 δέ-

1557 1216 1682 1294 ξασθαί
1702 1238 1745 1296 τι,
1769 1210 1848 1279 οὐδὲ
1871 1203 1914 1298 ήν
1938 1211 1981 1298 μὴ
2002 1209 2063 1300 οὐχ
2083 1210 2276 1300 ὑπουργεῖν.

1540 1308 1610 1386 Ικαὶ
1626 1322 1763 1398 ἕλκωσις
1777 1322 1844 1386 τῶν
1858 1344 1893 1386 τε
1908 1320 2049 1407 ἐντέρων
2063 1320 2118 1388 καλ
2133 1320 2275 1406 μάλιστα

1554 1429 1615 1493 τοῦ
1630 1424 1742 1493 κάλον
1753 1426 1859 1492 δειναί
1870 1423 2063 1512 ἀλγηδόνες,
2078 1427 2132 1494 καὶ
2144 1428 2276 1513 φλέγμα

1554 1529 1661 1619 ὑγρὸν
1693 1532 1768 1619 περὶ
1800 1530 1879 1613 τοὺς
1911 1531 2017 1612 πόδας
2048 1535 2104 1601 καλ
2133 1535 2276 1620 διαυγές.

1556 1643 1807 1726 7.παριιπλησία
1818 1639 1855 1707 δέ
1865 1640 2003 1727 καὶπερὶ
2013 1632 2275 1726 τὸήτρονκάκω-

1555 1765 1606 1824 σις
1624 1737 1675 1830 ήν.
1691 1737 1760 1813 Ιναὶ
1783 1743 1849 1832 μήν
1868 1747 1923 1814 κοιλ
1942 1751 2003 1814 τοῦ
2023 1751 2157 1815 αἰδοίου
2175 1752 2275 1833 σῆψις

1554 1850 1725 1938 σκιόληιιας
1766 1855 1967 1939 ἐμποιοῦσα,
2013 1852 2200 1939 πνεύματός
2240 1880 2274 1921 τε

1554 1955 1656 2044 όρθιά
1689 1964 1833 2043 ἔντασις,
1861 1960 1917 2027 καὶ
1949 1958 2033 2046 αὕτη
2062 1966 2138 2027 λίαν
2169 1957 2276 2046 ἀηδής

1554 2062 1722 2152 ἀχθηδόνι
1758 2093 1793 2133 τε
1830 2071 1887 2153 τῆς
1924 2064 2098 2154 ἀποφορᾶς
2137 2071 2193 2134 καὶ
2228 2070 2275 2158 τῷ

1553 2176 1667 2262 πυκνῷ
1686 2177 1746 2240 τοῦ
1766 2171 1946 2260 ἄσθματος.
1985 2172 2134 2260 σπασμός
2151 2199 2186 2240 τε
2200 2174 2274 2260 περὶ

1553 2282 1619 2344 πᾶν
1647 2270 1690 2363 ήν
1718 2281 1816 2366 μέλος
1845 2282 1943 2365 ι’σχδν
1971 2277 2033 2366 οὐχ
2062 2277 2274 2367 ὑπομενητὴν

1551 2490 1757 2572 θειαζόντων
1785 2544 1792 2559 .
1822 2547 1828 2561 .
1856 2545 1863 2559 .
1896 2491 2017 2578 ποινήν
2055 2497 2114 2561 τοῦ
2146 2498 2276 2562 πολλοῦ

1551 2601 1739 2683 δυσσεβοῑη
1776 2597 1900 2684 ταύτην
1943 2598 1960 2666 δ
2001 2599 2083 2679 θεὸς
2122 2600 2273 2686 είσπράτ-

1551 2713 1669 2772 τεσθαι
1697 2702 1785 2790 παρά
1813 2710 1873 2773 τοῦ
1905 2708 2097 2794 βασιλέως>
2136 2710 2276 2792 (Εοεελ).

1551 2812 1591 2877 H.
1611 2814 1648 2879 Ε.
1671 2812 1697 2897 Ι,
1720 2813 1811 2892 VIII,
1833 2816 1874 2880 10
1893 2838 1960 2901 squ
1986 2838 2024 2881 ex
2048 2816 2174 2901 Ioseph.
2194 2817 2273 2882 Bell.

1550 2918 1617 2984 Iud.
1644 2920 1669 2984 I.
1697 2919 1856 3002 XXXIII,
1879 2922 1914 3001 5,
1939 2924 1967 2987 6.
2012 2917 2029 2988 ό
2060 2921 2097 2988 δέ
2120 2926 2273 2988 παλαίων

1550 3020 1723 3103 τοσούτοις
1745 3023 1902 3111 πάθεσιν,
1927 3022 2015 3111 ὅμως
2038 3032 2099 3094 τοῦ
2119 3031 2177 3113 ζῆν
2197 3024 2273 3095 ἀντ-

1550 3137 1670 3217 είχετο,
1702 3136 1869 3218 σωτηρίαν
1895 3157 1929 3198 τε
1953 3130 2065 3218 ἤλπιζε
2089 3134 2142 3200 καὶ
2171 3145 2273 3222 θερα-

1551 3243 1644 3317 πείας
1664 3236 1801 3305 ἐπενόει.
1830 3235 1948 3324 διαβάς
1966 3242 2050 3325 γοῦν
2068 3237 2129 3307 τόν
2146 3238 2272 3328 Ἰορδά-

1550 3369 1615 3428 νην
1653 3358 1723 3423 τοῖς
1759 3342 1841 3411 κατὰ
1879 3344 2095 3433 Καλλιρρόην
2131 3356 2272 3434 θερμοῖς

1550 3451 1677 3537 ἐχρῆτο.
1722 3455 1826 3520 ταῦτα
1855 3450 1892 3520 δέ
1920 3455 2018 3532 ἔξεισι
2045 3451 2107 3538 μὲν
2134 3458 2181 3534 είς
2208 3452 2271 3541 τήν

1548 3553 1759 3642 Ἀσφαλτῖτιν
1778 3564 1910 3644 λίμνην,
1930 3555 1996 3627 ὑπό
2016 3558 2219 3646 γλυκύτητος
2234 3563 2274 3629 δέ

1551 3665 1692 3731 ἐστικαὶ
1712 3663 1843 3751 πότιμα.
1878 3669 1929 3733 11.
1944 3666 2047 3746 δόξαν
2069 3663 2100 3733 δ’
2122 3668 2272 3735 ἐνταῦθα

1535 3780 1538 3817 ¹
1549 3783 1619 3849 τοῖς
1627 3775 1753 3858 ιἰιτροῖς
1765 3774 1863 3863 ἐλαίῳ
1871 3775 1986 3862 θερμῷ
1997 3775 2065 3838 πᾶν
2075 3769 2271 3854 ἀναθάλψαι

1551 3874 1586 3943 τὸ
1616 3880 1710 3962 σῶμα
1738 3876 1907 3965 χαλασθὲν
1939 3882 1985 3956 είς
2018 3880 2131 3946 ἐλαίου
2161 3880 2269 3967 πλήρη

1535 3981 1674 4050 Ιπύελον
1698 3983 1805 4052 ἐκλύει
1828 3982 1906 4063 τοὺς
1929 3981 2128 4072 ὀφθαλμοὺς
2151 3987 2207 4054 καὶ
2226 3985 2274 4068 ὡς

1548 4089 1694 4170 τεθνεός
1717 4088 1926 4178 ἀνέστρεψεν.
1963 4090 2119 4178 θορύβου
2142 4093 2179 4162 δὲ
2201 4098 2269 4163 τῶν

1548 4195 1770 4283 θεραπόντων
1797 4200 1983 4285 γενομένου
2009 4199 2093 4285 πρὸς
2119 4199 2181 4286 μὲν
2207 4199 2269 4286 τήν

1548 4301 1698 4389 κραυγήν
1723 4302 1921 4390 ἀνήνεγκεν,
1951 4307 1997 4384 είς
2024 4304 2062 4373 δὲ
2086 4303 2123 4372 τὸ
2148 4304 2268 4374 λοιπόν

1549 4406 1719 4494 ἀπογνούς
1742 4408 1802 4495 τήν
1827 4417 2005 4503 σωτηρίαν,
2028 4426 2097 4491 τοῖς
2116 4437 2151 4479 τε
2170 4432 2268 4499 στρα-

1549 4515 1679 4593 τιιόταις
1707 4512 1773 4582 ἀνὰ
1799 4515 1946 4604 δραχμάς
1970 4517 2003 4583 ν’
2028 4519 2176 4586 ἐκέλευσε
2199 4522 2267 4586 δια·

1534 4624 1658 4717 ήνεῖμαι
1677 4623 1732 4689 καλ
1751 4621 1857 4690 πολλά
1875 4624 2025 4710 χρήματα
2043 4637 2112 4704 τοῖς
2128 4621 2266 4711 ἡγεμόσι

1534 4720 1810 4823 ξκαϊτοῖςφίλοις.
1831 4726 2032 4808 12.αύτὸςδ’
2045 4727 2266 4817 ὑποστρέφων

1534 4830 1596 4916 ἐίς
1619 4833 1822 4922 Ἱεριχοῦντα
1849 4841 2080 4922 παραγίνεται,
2110 4844 2266 4925 μελαγχο-

1549 4946 1617 5010 λῶν
1646 4941 1725 5028 ήδη,
1754 4942 1809 5009 καλ
1836 4942 2020 5030 μονονουχὶ
2049 4939 2138 5035 αὐτῷ
2166 4948 2266 5034 τιτῷ

1547 5050 1686 5139 θανάτῳ
1710 5045 1855 5117 ἀπειλῶν
1878 5052 2064 5136 προέκοψεν
2088 5055 2134 5131 είς
2156 5053 2266 5136 ἐπιβο-

1548 5155 1610 5242 λὴν
1633 5151 1796 5242 ἀθεμίτου
1819 5156 1975 5243 πράξεως.
2011 5156 2091 5236 τοὺς
2115 5155 2179 5246 γάρ
2204 5155 2263 5245 ἀφ’

1548 5262 1685 5349 ἑκάστης
1720 5261 1830 5348 κιόμης
1863 5262 2043 5350 ἐπισήμους
2074 5261 2202 5349 ἀνδρας
2234 5267 2266 5346 ἐξ

370 5514 395 5570 1)
412 5510 519 5571 labem.
595 5506 622 5573 θ)
642 5520 709 5568 ομ...
782 5506 809 5571 3)
828 5501 950 5571 proprie:
970 5499 1114 5555 distribuit
1131 5516 1194 5555 eum
1213 5496 1396 5553 intersertos
1415 5496 1524 5552 dolores
1544 5495 1633 5559 luz-m
1651 5493 1742 5558 labb.
1759 5534 1766 5549 .
1783 5500 1895 5588 ,ψ
1977 5496 2004 5564 4)
2022 5498 2126 5567 pion
2144 5497 2264 5564 κυριόνς.

299 5596 327 5665 ὁ)
346 5599 469 5666 proprie:
491 5595 606 5664 „domus
626 5610 722 5647 cursus
741 5595 892 5660 equorum“
911 5589 968 5658 ληἰγ
983 5589 1043 5666 Ιχοῖι
1059 5599 1120 5646 bo.
1194 5590 1221 5658 6)
1240 5587 1334 5653 lmbt.
