4934 6526
1051 505 1264 569 ,45-

460 698 633 783 Dionysius
973 710 998 752 ὃ·
1017 695 1129 753 flivrlu·
1170 700 1210 753 ¹⁸·
1228 709 1303 753 vore·
1319 696 1412 820 Arm-²
1705 699 1862 766 Eusebius

170 844 226 887 eos
256 823 393 887 mittatis
422 824 523 907 viros,
551 823 605 908 qui
634 845 688 888 eos
712 823 916 906 interficiant,
1169 802 1173 925 l

171 930 290 1014 quippe
314 930 368 1015 qui
392 930 497 994 noliub
520 932 595 994 flere
616 935 748 1016 propter
768 953 828 996 me.
873 930 917 995 Elt
1086 1010 1089 1018 Ι

155 1059 269 1121 ·quum
299 1037 482 1120 desperaret
510 1037 548 1101 de
574 1037 643 1102 vita
665 1042 799 1122 propter
821 1037 916 1102 uehe-
1168 944 1172 1157 λ
1408 1036 1488 1133 lone.
1524 1039 1574 1105 13.
1590 1035 1900 1124 προσκαλεσάμενος
1920 1035 1955 1103 δὲ
1973 1034 2142 1122 Σαλώμην

154 1080 312 1231 iuuentem
337 1143 579 1209 convulsionem
602 1144 700 1208 tussis
724 1145 853 1229 statuit,
880 1149 916 1208 ut
1169 1162 1171 1169 ·
1408 1141 1485 1229 *riv
1498 1138 1647 1230 ἀδελφὴν
1661 1144 1715 1210 καὶ
1730 1141 1789 1211 τὸν
1804 1141 1912 1229 ἀνδρα
1926 1142 2047 1229 ταύτης
2058 1141 2141 1210 Ἀλί-

154 1246 234 1314 *sibi
249 1249 312 1333 ipsi
327 1254 465 1316 mortem
481 1251 694 1315 conseisceret
703 1256 736 1315 et
745 1250 916 1333 prehendit
1168 1192 1172 1409 ἒ
1425 1255 1583 1336 ξανδρον
1617 1246 1720 1327 (οἶδα,
1754 1254 1840 1338 ,ἔφη
1866 1247 2050 1329 Ἰουδαίους
2082 1249 2143 1316 τὸν

172 1357 292 1420 malum
326 1361 358 1420 et
386 1356 578 1421 desideravit
606 1358 782 1421 cultellum.
833 1355 914 1421 Con·
1425 1354 1505 1442 ἐμὸν
1520 1355 1741 1442 ἑορτάσοντας
1760 1355 1919 1424 θάνατον.
1947 1356 2092 1442 δύναμαι
2106 1355 2166 1423 δὲ’

172 1463 277 1528 suevit
295 1463 380 1528 enim
400 1463 558 1528 dissecare
576 1464 656 1529 illud
676 1468 708 1528 et
721 1469 798 1528 tunc
812 1485 915 1528 come·
1408 1420 1625 1531 λπενθεῑσθαι
1661 1460 1705 1528 δι’
1741 1463 1862 1548 ἑτέρων
1899 1463 1953 1529 καὶ
1990 1461 2143 1550 λαμπρὸν

172 1570 254 1634 dere.
290 1569 335 1635 Et
349 1570 462 1634 deinde
482 1572 621 1635 surrexit
634 1575 666 1635 et
680 1570 916 1653 circumspexit,
1408 1544 1600 1655 Ιε’πιτοίφιον
1633 1582 1740 1657 σχεῖν,
1778 1565 1822 1636 ἂν
1854 1566 1948 1655 ὑμεῖς
1978 1569 2142 1655 θελήσητε

173 1700 216 1742 an
249 1678 334 1742 adsit
366 1678 494 1762 aliquia,
528 1678 583 1762 qui
615 1700 649 1742 se
681 1677 852 1762 impediret
884 1681 930 1765 et⁵
1423 1690 1494 1755 ταῖς
1517 1678 1610 1762 ἐμαῖς
1633 1677 1784 1756 ἐντολαῖς
1806 1674 2024 1762 ὑπουργῆσαι.
2066 1674 2143 1755 τοὺς

176 1785 308 1850 sustulit
330 1784 494 1849 dexteram
518 1806 663 1869 manum,
694 1806 731 1849 ac
761 1785 787 1847 si
812 1770 930 1847 semetl
1424 1783 1461 1850 δὲ
1485 1785 1761 1871 φρουρουμένους
1785 1781 1922 1868 ἄνδρας,
1942 1786 2077 1850 ἐπειδαν
2096 1784 2143 1850 ἐκ·

1424 821 1503 910 ὅλης
1524 822 1688 901 Ἰουδαίας
1712 819 1911 908 συναγαγών
1935 826 1981 902 είς
2004 821 2064 889 τὸν
2087 849 2142 889 κα-

1425 931 1590 1016 λούμενον
1606 931 1815 1015 ἱππόδρομον
1830 930 1978 997 ἐκέλευσε
1994 936 2142 1014 συγκλεῖ-

927 1846 930 1887 Ι

171 1892 350 1957 interficere
366 1892 470 1956 uellet.
501 1891 544 1956 Et
557 1892 666 1974 paullo
687 1896 760 1954 ente
775 1890 929 1955 morteni‘

171 2021 263 2064 suam
276 2003 405 2083 praeter
420 1998 498 2061 duos
515 1998 599 2062 lilios
619 2020 703 2082 suos,
722 2020 802 2083 quos
817 1999 913 2062 inter-

170 2105 304 2190 iecerat,
323 2105 419 2170 etiam
438 2105 567 2168 tertium
587 2104 763 2187 interiecit3
787 2109 819 2168 et
837 2108 913 2169 tunc

171 2211 386 2278 acerbissimis
401 2212 565 2276 doloribus
576 2209 766 2299 (cruciatus)
781 2212 914 2294 interiit,

169 2319 230 2384 hac
257 2340 291 2383 re
318 2340 454 2403 poenam
483 2318 563 2382 dans
591 2340 673 2403 quae
701 2319 730 2383 ei
753 2317 914 2383 destinata

169 2431 247 2491 erat
272 2427 335 2510 ->

214 2639 426 2722 <Sacerdotes
455 2640 572 2703 summi
599 2639 776 2702 floruerunt
799 2636 911 2701 diebus

168 2746 307 2811 Messias
321 2744 370 2810 hi:
388 2744 524 2810 Hannas
534 2745 555 2826 ¹)
571 2749 691 2829 etpost
705 2767 777 2808 eum
792 2743 910 2808 Ismael

168 2853 252 2917 filius
270 2848 408 2939 Phabi²)
433 2856 466 2915 et
488 2857 563 2936 post
586 2874 658 2915 eum
676 2851 802 2915 Elisser
824 2851 910 2915 filius

167 2959 302 3024 Hennae
344 2963 377 3024 et
412 2964 488 3044 post
524 2981 596 3023 eum
634 2955 828 3044 Caiphas³)‚
864 2958 911 3020 uti

167 3067 324 3152 Iosephus
367 3068 489 3132 scribit.
546 3066 608 3131 Hie
653 3070 723 3130 erat
767 3087 911 3130 summus

168 3175 318 3240 sacerdos
343 3173 455 3238 diebus
476 3172 636 3258 passionis
660 3177 694 3238 et
713 3173 795 3236 vixit
813 3172 911 3236 etiarn

168 3304 268 3369 usque
299 3281 339 3346 ad
373 3282 571 3346 eversionem
602 3279 786 3344 Ierusalem.
832 3277 912 3343 Post

167 3391 330 3457 Herodem
344 3411 400 3454 rex
414 3389 478 3452 fuit
495 3387 688 3452 Iudaeorum
702 3381 910 3470 Archelaos⁴)

166 3520 283 3564 nouem
306 3496 440 3579 annos>

212 3925 305 4010 <Hoc
326 3947 402 3990 vero
426 3930 572 4009 tempore
595 3922 704 3987 floruit
723 3920 804 3984 luda
823 3900 927 4019 Gali-l

167 4035 265 4118 lacus,
289 4034 378 4100 cuius
397 4033 431 4097 in
450 4031 529 4096 actis
551 4028 770 4114 apostolorum
790 4025 911 4090 mentio

168 4140 246 4227 fit⁶)
292 4141 397 4218 Quum
430 4139 595 4204 seduceret
626 4140 659 4200 et
686 4135 720 4199 in
751 4132 911 4196 desertum

168 4248 341 4313 abduceret
360 4247 479 4311 multos
500 4244 646 4309 homines
664 4239 852 4326 postulavit,
875 4242 913 4302 ut

168 4355 342 4421 Ierusalem
366 4353 625 4440 ingrederentur3
648 4349 787 4414 Messiae
808 4347 913 4410 instar

74 4517 79 4527 .
134 4511 139 4523 .
169 4459 218 4549 (se
236 4460 386 4547 gessit),*
410 4459 464 4545 qui
488 4459 521 4522 in
546 4457 715 4540 scripturis
739 4455 837 4519 sacris
860 4473 911 4515 ex-

169 4573 341 4652 spectatur.
386 4567 432 4631 Et
455 4588 553 4651 quum
577 4562 850 4649 appropinquaret
873 4554 928 4671 ad}

1423 1889 1572 1974 πνεύσω,
1596 1888 1732 1975 τάχιστα
1756 1895 1902 1957 κτείνατε
1925 1889 2142 1977 περιστήσαν-

1424 2024 1475 2077 τες
1489 1996 1568 2075 τούς
1582 1995 1793 2082 στρατιώτας,
1808 1999 1864 2062 ἴνα
1878 2000 1967 2064 πᾶσα
1983 1994 2074 2076 οἶκος
2087 1997 2142 2063 καί

1423 2102 1514 2172 ἄκων
1534 2101 1585 2171 ἐπ’
1603 2104 1675 2190 ἐμοὶ
1695 2102 1857 2190 δακρόση’
1874 2156 1880 2169 .
1895 2155 1902 2170 .
1917 2156 1945 2170 ..
1972 2107 2022 2172 14.
2041 2096 2143 2184 αὖθις

1424 2211 1461 2278 δὲ
1493 2211 1548 2277 καὶ
1581 2208 1645 2297 μὰρ
1678 2211 1789 2298 ἐνδείᾳ
1821 2214 1948 2296 τροφῆς
1980 2210 2033 2276 καὶ
2065 2211 2142 2297 βηχὶ

1424 2314 1615 2401 σπασμώδει
1639 2319 1826 2399 διετείνετο,
1852 2321 1919 2383 τών
1943 2315 2143 2403 ἀλγηδόνων

1406 2394 1577 2509 Ιἡττηθεὶς
1607 2421 1739 2508 φθάσαι
1769 2421 1830 2508 τὴν
1859 2424 2061 2509 είμαρμὲνην
2089 2427 2142 2492 ἑπ-

1424 2532 1571 2615 έβαλετο·
1600 2527 1714 2613 λαβών
1747 2528 1783 2596 δὲ
1815 2534 1922 2615 μῆλον
1954 2527 2055 2617 ᾔτησε
2087 2531 2142 2598 καί

1423 2637 1601 2723 μάχαιραν·
1626 2636 1739 2701 είώθει
1762 2633 1825 2722 γὰρ
1849 2632 2025 2720 ἀποτεμὼν
2051 2638 2142 2704 ἐσθί-

1423 2766 1487 2811 ειν·
1507 2748 1616 2809 ἕπειτα
1635 2740 1895 2828 περιαρθρήσας,
1915 2740 1959 2827 μή
1978 2768 2027 2821 τις
2046 2739 2063 2810 δ
2079 2770 2141 2810 κω-

1423 2850 1514 2917 λίων
1538 2845 1642 2916 αὐτὸν
1665 2856 1732 2933 είη,
1756 2850 1853 2932 ἐπῆρε
1876 2847 1938 2934 τὴν
1962 2850 2074 2929 δεξιὰν
2098 2847 2143 2929 ὡς

1422 2956 1555 3043 πλήξων
1571 2952 1700 3023 ἑαυτόν.
1723 2958 1770 3020 15.
1787 2954 1838 3021 ἐπὶ
1854 2954 1892 3021 δὲ
1905 2953 2037 3033 τούτοις
2051 2952 2069 3022 δ
2085 2953 2142 3022 αό-

1421 3062 1478 3141 τδς
1507 3066 1632 3147 ίστορεῑ
1659 3057 1872 3145 συγγραφεὺς
1900 3062 2013 3146 ἕτερον
2037 3058 2143 3129 αὐτοῦ

1421 3169 1563 3257 γνήσιον
1592 3170 1696 3235 παῖδα
1727 3164 1791 3249 πρὸ
1823 3171 1881 3251 τῆς
1912 3166 2049 3254 ἐσχάτης
2081 3172 2141 3234 τοῦ

1420 3282 1499 3362 βίου
1531 3273 1681 3359 τελευτῆς
1713 3278 1825 3359 τρίτον
1859 3273 1911 3340 ἐπὶ
1944 3273 2043 3340 δυσὶν
2076 3273 2141 3361 ἤδη

1421 3382 1720 3470 προανῃρημένοις,
1736 3378 1779 3445 δι’
1794 3379 1968 3461 ἐπιτάξειας
1977 3377 2141 3447 ἀνελόντα

1421 3490 1572 3575 παραχρῑ
1575 3514 1619 3573 μα
1642 3486 1703 3573 τὴν
1724 3486 1809 3574 ζωὴν
1834 3486 1876 3555 οὐ
1892 3485 1971 3573 μετὰ
1992 3491 2141 3574 σμικρῶν

1422 3592 1621 3682 ἀλγηδόνων
1635 3591 1830 3680 ἀπορρίξαι.
1856 3594 1912 3662 καὶ
1926 3598 2059 3662 τοιοῦτο
2079 3594 2141 3681 μὲν

1420 3701 1458 3770 τὸ
1477 3704 1578 3790 πέρας
1596 3705 1654 3787 τῆς
1668 3698 1823 3786 Ἡρώδου
1841 3703 1958 3788 γέγονε
1977 3706 2140 3788 τελευτῆς,

1406 3807 1543 3921 ἐπαινὴν
1567 3812 1700 3875 δικαίαν
1724 3811 1942 3895 ἐκτίσοντος.)

1406 3948 1409 3985 ι
1466 3909 1532 3983 cfr.
1551 3917 1668 3982 Euseb.
1683 3916 1724 3982 IL
1738 3917 1776 3981 E.
1791 3916 1837 3995 ll,
1858 3916 1935 3980 XXI
1955 3940 1993 3980 ex
2012 3916 2140 4001 loseph.

1423 4024 1458 4088 B.
1483 4023 1508 4088 l.
1531 4023 1571 4107 II,
1598 4023 1647 4106 13,
1671 4026 1699 4088 5.

1406 4178 1409 4213 l

1406 4216 1409 4411 l

168 4679 311 4740 montem
335 4674 447 4739 oliveti
468 4695 538 4737 curn
559 4690 679 4754 magna
697 4667 928 4750 multitudine‚'

169 4783 327 4847 exercitus
349 4781 571 4846 Romanorum
599 4780 712 4842 eontra
739 4797 811 4839 eum
838 4796 913 4857 pro-

168 4889 271 4953 fectus
293 4892 343 4952 est
362 4892 393 4951 et
412 4885 642 4951 interfecerunt
664 4906 738 4948 eum
763 4904 799 4946 ac
822 4884 912 4944 totus

169 4997 236 5060 eius
266 4995 424 5060 exercitus
450 4993 624 5076 dissipatus
652 4995 703 5055 est
730 4993 763 5053 et
787 4988 928 5072 periit>5

214 5104 308 5167 Anno
327 5099 490 5165 MMXXII
505 5104 575 5164 erat
590 5120 709 5183 magna
725 5101 758 5160 et
782 5095 862 5158 dura
881 5097 914 5158 et
926 5094 929 5203 l
941 5110 974 5164 Η
994 5115 1072 5165 2022.
1166 5142 1169 5193 ι

168 5209 341 5272 vehemens
365 5207 467 5272 fames
491 5206 614 5271 Romae
641 5209 674 5268 et
702 5204 735 5267 in
764 5202 929 5266 omuibus!
1166 5198 1168 5207 '

170 5315 346 5381 occidentis
369 5315 570 5400 regionibus,
598 5312 676 5376 adeo
705 5316 742 5374 ut
765 5300 929 5374 deiiceret

168 5422 312 5487 triticum
346 5424 379 5485 et
409 5421 564 5486 hordeum
598 5420 638 5483 ab
670 5418 730 5482 hae
763 5424 850 5482 terra
882 5420 915 5480 et

1406 5030 1409 5157 i
1466 5087 1581 5173 <Syna
1597 5090 1670 5173 602,
1687 5090 1736 5154 15.
1763 5084 1858 5172 λιμός
1875 5109 1910 5151 τε
1928 5085 2062 5171 κατέσχε
2076 5083 2138 5170 τὴν

1406 5190 1588 5281 Ῥωμαίων
1608 5191 1737 5280 ἰσχυρὰ.
1753 5190 1796 5272 ὡς
1815 5194 1948 5259 πολλῶν
1968 5195 2138 5276 δηναρίων

1406 5291 1481 5368 λτὸν
1505 5299 1626 5386 μόδιον
1649 5303 1709 5366 τοῦ
1732 5305 1827 5366 σίτου
1849 5303 2052 5386 πραθῆναι>

168 5566 381 5574 ffi—

242 5636 268 5702 r)
287 5649 342 5713 p...
417 5637 444 5698 a)
463 5642 542 5686 ..za
617 5632 645 5699 a)
664 5630 739 5693 uam.
814 5632 840 5694 o
859 5628 975 5699 φασιν.
1049 5628 1263 5696 emm.
1301 5621 1516 5679 canossae.
