4934 6526
1175 457 1368 521 ..4-

577 650 749 735 Itionysius
1163 648 1230 706 mi
1250 647 1413 722 ffiflmyni
1821 649 1979 717 Eusebius

289 774 397 842 Niobe
417 776 507 842 etde
526 777 676 842 omnibus
694 776 769 860 illis,
788 776 843 861 qui
856 779 934 860 post
947 781 1033 842 oete·

290 884 447 968 olysmum
472 882 660 968 (vixerunt).

275 924 278 1031 Ι
333 989 429 1054 Anno
444 987 605 1056 CCXXXI
620 989 742 1053 bellum
756 992 927 1054 moverunt
939 988 1033 1053 Thel·
1060 989 1094 1043 H·
1114 993 1175 1043 230.
1204 990 1240 1044 M·
1261 993 1322 1044 ²2⁹·
1351 988 1382 1044 F·
1401 994 1462 1046 28³·
1587 985 1821 1072 synemena
1840 992 1993 1073 Τελχῖνες
2006 985 2060 1053 καὶ
2073 983 2260 1073 Καροιοὶται

290 1095 411 1179 oines¹)
434 1099 467 1160 et
490 1091 689 1181 caroiatesp
713 1099 825 1161 eontra
850 1094 1032 1161 Foroneum
1541 1088 1624 1178 πρὸς
1649 1092 1811 1179 Φορωνέα
1833 1091 1889 1159 καὶ
1909 1097 2126 1180 Παρρασίους
2149 1093 2260 1160 ἐπολέ-

290 1208 323 1266 et
346 1201 505 1266 Parusios.
515 1201 540 1286 ³)
1044 1258 1047 1292 ,
1541 1219 1659 1286 μησαν.

336 1309 432 1373 Anno
447 1305 640 1374 CCXXXVI
656 1308 823 1373 aedificate
837 1313 887 1373 est
901 1305 1031 1391 Amen)
1059 1326 1093 1382 H.
1113 1332 1174 1382 236.
1203 1328 1236 1381 A.
1257 1332 1317 1383 224.
1347 1327 1377 1382 F.
1397 1331 1457 1382 222.
1586 1306 1704 1394 (Sym.
1719 1308 1797 1392 238,
1815 1309 1844 1374 8.
1870 1302 2017 1392 Ὤρνγος
2044 1309 2174 1391 πρῶτος
2200 1309 2259 1389 βα-

291 1415 350 1479 urb
391 1420 424 1479 et
445 1413 631 1500 Eleusins⁶)
656 1415 697 1480 ab
721 1413 843 1500 Ogyge.
1060 1397 1117 1452 ΡΜ·
1136 1404 1196 1455 237.
1226 1397 1259 1452 R·
1280 1404 1341 1453 239.
1541 1410 1652 1493 σιλεὺς
1671 1409 1784 1500 Ἀκτῆς
1806 1416 1864 1498 τῆς
1886 1415 1951 1480 νῦν
1970 1408 2144 1500 Ἀττικῆς)

333 1519 429 1586 Anno
454 1519 665 1587 CCXXXVII
687 1521 785 1587 Iacob
810 1520 976 1585 deseendit
998 1519 1032 1583 in
1059 1542 1092 1598 Β,
1112 1547 1172 1597 236.
1201 1541 1232 1595 p,
1252 1546 1312 1596 237.

289 1626 560 1712 Mesopotamiam
589 1632 621 1692 et
649 1629 734 1714 apud
761 1627 930 1693 Labanum
952 1624 1031 1690 XIV
1059 1630 1094 1686 H.
1113 1635 1175 1685 238.
1204 1629 1234 1684 F.
1254 1629 1291 1684 M.
1311 1634 1371 1684 240.

291 1756 391 1798 annos
416 1735 557 1800 servivit.

336 1841 430 1905 Anno
442 1837 706 1906 CCXLVInstus
721 1845 770 1905 est
784 1840 899 1906 Ruben
914 1841 1032 1925 primo·
1060 1843 1116 1897 ΑΡ.
1137 1848 1198 1898 245.
1227 1842 1261 1897 H·
1281 1848 1341 1898 246.
1370 1842 1399 1895 F·
1419 1845 1480 1895 ²4⁷·
1525 1852 1527 1893 Ι

292 1947 419 2032 genitus
442 1946 553 2013 Iacobi
577 1947 672 2013 filius.

335 2053 433 2117 Anno
463 2051 640 2119 CCXLVII
676 2052 814 2119 Ieoobus
852 2052 1033 2120 Simeonem
1062 2059 1095 2114 H.
1116 2063 1177 2112 247.
1205 2057 1240 2111 Η.
1260 2061 1320 2111 248.

292 2163 325 2223 et
347 2157 459 2246 Levi⁶)
484 2209 581 2226 .....
606 2160 794 2244 procreavit.

336 2266 433 2330 Anno
462 2263 653 2331 CCXLVIII
685 2266 781 2331 Iaoob
814 2265 928 2331 Iudam
959 2287 1034 2351 pro·
1060 2271 1094 2328 Η.
1115 2277 1175 2325 249.
1525 2290 1528 2353 j
1586 2264 1662 2333 Chr.
1685 2266 1719 2332 P.
1745 2269 1817 2350 109,
1841 2268 1871 2333 8.
1914 2261 2031 2348 Ἰακὼβ
2062 2273 2166 2353 γεννᾷ
2199 2262 2259 2331 τὸν

292 2373 413 2437 creavit
432 2379 464 2436 et
482 2374 522 2437 ab
540 2373 602 2438 hoo
615 2371 725 2438 Iudaei
739 2394 857 2439 nomen
872 2375 1034 2456 oeperunt
1538 2369 1672 2439 Ἰούδαν
1696 2373 1729 2452 ἐξ
1753 2362 1795 2439 οὗ
1815 2368 1983 2439 Ἰουδαῖοι.

336 2479 432 2543 Anno
452 2477 566 2545 CCLII
591 2478 688 2545 Iaoob
713 2479 887 2564 losephum
906 2500 1033 2564 proore·
1061 2483 1096 2538 H.
1116 2488 1175 2538 252.
1204 2483 1236 2537 R.
1256 2487 1315 2537 251.
1586 2481 1642 2545 cfr.
1666 2478 1739 2546 Chr.
1764 2480 1798 2545 P.
1822 2480 1898 2558 109,
1929 2481 1978 2545 16.
2007 2475 2056 2563 ‘nt'
2083 2476 2177 2565 (ἔτει)
2201 2480 2259 2563 τῆς

292 2585 358 2649 avit
377 2590 409 2650 et
428 2587 547 2651 eratin
565 2586 670 2671 primo
685 2585 815 2672 Iosephi
836 2608 921 2651 anno
936 2585 1033 2650 Iacob
1526 2572 1646 2677 {aomo
1665 2584 1796 2672 ἡλικίας
1810 2581 1948 2670 Ἰααώβγ
1963 2588 2044 2672 εννᾷ
2062 2581 2123 2652 τὸν
2134 2581 2258 2670 Ἰωσὴφ

291 2690 381 2757 XCII
404 2715 506 2758 annos
529 2697 634 2757 notus.
1542 2693 1577 2759 ἐκ
1600 2697 1659 2779 τῆς
1679 2689 1805 2781 Ῥαχήλ.

1525 2156 1528 2285 i

1526 2362 1528 2379 t

336 2799 402 2881 <nt
436 2799 694 2884 repromissionis
728 2796 927 2864 CLXXVIII
957 2798 1033 2863 anni

292 2901 587 2992 (praeterierant.)
1526 2900 1528 2923 '

336 3012 430 3076 Anno
446 3010 576 3079 CCLVI
594 3009 777 3096 Messona⁷)
793 3013 961 3078 aedificata
975 3015 1034 3076 est.
1061 3038 1094 3092 Η,
1115 3042 1175 3090 260,
1526 2972 1528 3065 i

336 3119 432 3185 Anno
455 3117 618 3185 CCLVIII
641 3125 711 3185 eret
733 3118 955 3203 oataolysmus,
979 3118 1034 3202 qui
1060 3125 1094 3179 H.
1115 3129 1175 3180 260.
1205 3122 1267 3177 ΒΜ.
1287 3127 1348 3176 262.
1525 3096 1528 3168 i

292 3231 362 3292 eret
387 3227 422 3291 in
445 3226 556 3291 diebus
581 3224 715 3312 Ogygio.
1525 3248 1527 3267 ·

336 3335 432 3399 Anno
461 3331 606 3400 CCLXII
636 3337 781 3399 mortuus
809 3335 858 3396 est
890 3353 945 3396 rex
973 3332 1032 3396 As·
1061 3340 1094 3393 H.
1114 3344 1175 3393 262.
1525 3270 1528 3393 i

292 3441 397 3525 syriae
425 3444 457 3505 et
483 3441 554 3505 loco
583 3441 650 3505 eius
682 3436 854 3523 Balneus⁸)
886 3460 943 3522 per
973 3436 1033 3502 LII
1525 3398 1528 3503 i

292 3570 394 3613 annos
416 3548 573 3632 regnavit.
905 3593 914 3604 .
1525 3517 1528 3613 i

336 3656 433 3719 Anno
462 3651 655 3719 oonxvm
686 3651 805 3738 loseph
832 3672 851 3714 a
878 3650 1033 3716 fratribus
1060 3659 1094 3715 n.
1114 3664 1173 3714 νο.
1524 3624 1528 3771 ζ

201 3846 204 3851 ι
291 3762 358 3827 suis
390 3761 538 3827 venditus
566 3764 616 3825 est
643 3764 676 3825 et
703 3759 737 3824 in
761 3761 948 3843 Aegyptum
981 3758 1032 3823 de·
1525 3774 1527 3789 ¹

292 3868 425 3934 stendit.

211 4022 216 4031 .
260 4025 264 4034 .
336 3979 432 4041 Anno
452 3972 643 4041 CCLXXVI
663 3972 830 4038 aedificata
848 3981 897 4036 est
915 3968 1033 4037 *Mem
1061 3996 1093 4051 p,
1113 4001 1173 4050 279.
1201 3993 1234 4047 R,
1254 3997 1314 4047 280.
1344 3989 1380 4045 Μ,
1399 3993 1460 4044 281.
1586 3969 1709 4057 (Syna.
1740 3973 1820 4051 282,
1848 3972 1877 4038 5.
1926 3967 1999 4038 τότε
2040 3967 2177 4055 Μέμφις
2222 3969 2258 4036 ἐν

293 4085 366 4168 phio
393 4084 427 4148 in
455 4082 607 4166 Aegypto
636 4081 677 4145 ab
705 4077 801 4163 Apn)
834 4097 910 4162 rege
937 4078 1034 4162 Argi·
1061 4085 1094 4140 H.
1113 4089 1174 4140 282.
1541 4075 1700 4167 Αἰγύπτῳ
1736 4076 1818 4144 κατὰ
1849 4074 1990 4156 τούτους
2017 4076 2153 4161 ἐκτίσθη
2182 4072 2260 4155 τοὺς

293 4185 463 4274 vorumw).
1540 4182 1714 4272 χρόνους)
1777 4263 1782 4276 ι

278 4362 281 4371 ,
338 4296 455 4379 <Anno
483 4290 672 4358 CCLXXIX
705 4292 740 4356 in
768 4292 918 4376 Aegypto
948 4290 1034 4375 Apo·

278 4386 412 4488 'phis¹¹)
436 4421 492 4465 rex
510 4399 613 4464 faetus
633 4401 692 4463 est.
727 4396 790 4462 Hio
809 4397 890 4462 vidit
909 4399 1036 4462 somnis

292 4510 357 4593 1112,
381 4530 519 4593 quorum
542 4505 700 4591 Iosephus
725 4507 884 4590 interpres
907 4504 979 4589 fuit,
1003 4509 1036 4569 et

292 4615 346 4680 hio
366 4613 540 4699 Iosephum
555 4634 665 4699 regem
680 4614 771 4677 iuxta
786 4634 819 4677 se
835 4611 1035 4693 constituit>

337 4724 454 4806 <Anno
489 4717 692 4786 CCLXXXII
730 4719 877 4804 Apophis
911 4719 1037 4783 somnio
1586 4717 1681 4802 (Chr.
1710 4718 1745 4784 P.
1777 4720 1851 4802 111,
1885 4717 1934 4782 19.
1989 4712 2059 4802 pusi
2097 4718 2161 4780 ἔτει
2197 4712 2257 4778 τοῦ

293 4829 390 4907 vidit,
413 4828 468 4912 qui
493 4832 562 4892 eret
584 4826 742 4908 Pharao>
1537 4819 1654 4905 Ἰακὼβ
1683 4821 2051 4912 (160-1-1225282)
2080 4818 2260 4906 γενόμενος

278 4922 281 5033 i
337 4934 382 5001 Et
409 4935 521 5000 eodem
546 4955 631 4998 anno
659 4931 777 5017 Ioseph
800 4932 950 5016 princeps
974 4931 1034 4995 Ae·
1063 4937 1097 4991 Η.
1117 4944 1176 4992 222.
1538 4926 1662 5016 Ἰωσὴφ
1695 4932 1778 4998 ἐτῶν
1811 4929 1852 4997 λά
1885 4930 2029 5016 παρέστη
2056 4930 2102 5019 τῷ
2134 4921 2257 5011 Φαραὼ

279 5042 388 5128 temti
411 5041 514 5105 faetus
539 5045 597 5104 est.
1543 5038 1579 5104 ἐν
1607 5034 1783 5128 Αἰγύπτῳ,
1815 5036 1870 5103 καὶ
1902 5041 2032 5124 ἔκρινεν
2059 5031 2149 5125 αὐτῷ
2180 5028 2260 5109 τοὺς

295 5222 454 5230 ——--—-

368 5329 392 5391 1)
411 5330 507 5400 φώρ.
584 5325 610 5389 2)
628 5321 755 5412 myope).
834 5325 861 5385 3)
879 5319 1030 5392 motin.
1112 5319 1237 5391 09221.
1320 5320 1346 5387 ο)
1366 5321 1486 5379 Lmotx.
1569 5325 1595 5389 6)
1615 5319 1676 5375 Ηοο
1699 5321 1761 5376 loco
1785 5321 1950 5389 sequuntur:
1973 5319 2163 5384 tmen...2‚
2188 5333 2261 5386 quae

295 5415 406 5469 litterae
431 5429 464 5468 ex
487 5414 567 5483 perte
587 5411 703 5465 mutilae
726 5409 860 5479 explicari
882 5426 937 5463 non
960 5411 1084 5478 possunt.
1163 5412 1188 5476 7)
1209 5410 1290 5469 Imm.
1367 5411 1394 5474 8)
1414 5407 1532 5476 ponta.
1606 5412 1632 5479 9)
1651 5410 1735 5482 5²2⁹?
1751 5427 1788 5484 ρ.
1861 5411 1905 5478 10)
1924 5407 1998 5501 Q.
2073 5408 2116 5473 11)
2135 5405 2263 5478 mon!

294 5502 420 5572 Apophis
447 5503 547 5572 regnet
568 5514 593 5553 ο.
618 5497 683 5553 XIV
711 5498 810 5553 Euseb.
835 5497 959 5553 Sohoone
981 5497 1006 5564 1,
1032 5503 1096 5564 148,
1117 5503 1158 5552 19.
1204 5495 1302 5566 Itaque
1330 5494 1506 5551 scribendum
1535 5499 1606 5551 erat:
1635 5501 1716 5553 Anno
1742 5497 1900 5554 conxxlx
1927 5497 1957 5551 in
1981 5499 2109 5566 Aegypto
2138 5493 2260 5548 mortuus

294 5593 337 5646 est
354 5606 402 5644 rex
420 5589 536 5645 Arohles
555 5591 585 5644 et
601 5586 728 5658 Apophis
747 5604 795 5643 rex
812 5586 904 5642 fectus
924 5589 974 5642 est.
1012 5586 1067 5655 (G.)
1918 5586 1926 5607 ·
