4934 6526
1141 509 1362 563 ..vy-

268 693 478 758 deseribendo
503 717 580 760 usus
604 701 662 776 551,
685 702 781 782 51555
805 695 993 780 saepissime
1017 695 1198 760 versionem
1222 693 1388 780 Syriacam
1412 697 1597 780 conspirare
1621 697 1765 762 videmus
1791 721 1865 763 cunr
1889 700 2020 784 optimis
2044 700 2237 786 Hieronymi

268 799 370 881 libris,
394 823 466 865 raro
486 823 559 866 cunr
578 805 732 867 Armenia
751 803 905 867 versione.
952 802 1118 867 Interdum
1137 800 1313 886 Dionysius
1334 803 1421 868 solus
1441 825 1520 867 sana
1538 803 1675 868 exhibet.
1720 803 1880 889 Exempla
1899 807 2083 871 afferamus:
2106 806 2236 872 Librol

267 906 388 971 Euseb.
413 907 523 973 chron.
546 931 599 995 pg.
624 912 663 974 71
690 910 737 974 ed.
762 908 905 974 Schoene
927 909 1077 994 legimus:
1100 908 1275 992 „diluvium
1300 910 1340 974 ab
1359 908 1496 974 Ebraeis
1520 915 1714 994 enarratum,
1738 912 1778 975 ab
1801 912 1864 976 illis
1888 913 2089 997 temporibus
2113 913 2237 977 distans

269 1011 357 1078 MCC
381 1014 483 1078 ferme
507 1017 600 1080 annis
624 1017 714 1100 prius
738 1039 836 1101 quam
856 1014 971 1100 Ogigis
995 1005 1184 1098 temporat
1206 1015 1309 1092 Quam
1334 1039 1401 1081 rem
1425 1039 1498 1081 cum
1522 1017 1625 1082 maior
1647 1040 1723 1101 pars
1747 1019 1891 1083 codicum
1911 1019 2238 1103 Hieronymianorum

269 1119 390 1185 habeat
408 1119 448 1184 ad
473 1144 500 1187 a.
520 1122 598 1186 Abr.
618 1123 683 1187 260
703 1124 783 1205 (942
797 1120 840 1207 -1-
857 1123 922 1187 260
938 1153 979 1174 =
999 1121 1109 1204 1202),
1132 1123 1374 1207 Bongarsianus
1398 1127 1506 1188 autem
1530 1127 1563 1187 et
1585 1122 1850 1189 Middlehillensis
1874 1126 1914 1189 ad
1938 1149 1965 1190 a.
1980 1127 2057 1191 Abr.
2072 1127 2137 1190 263
2158 1125 2238 1212 (942

268 1227 392 1312 -1-263
409 1259 450 1280 =
468 1227 583 1311 1205),
606 1229 783 1313 Dionysius
808 1230 945 1295 collocat
967 1253 994 1295 a.
1018 1230 1096 1294 Abr.
1120 1228 1185 1294 258
1209 1226 1290 1315 (942
1304 1227 1347 1314 -1-
1362 1231 1426 1295 258
1443 1260 1485 1281 =
1504 1227 1611 1316 1200).

429 1335 680 1420 Nonnumquam
699 1338 733 1400 in
753 1337 1048 1401 056515501555515
1067 1336 1147 1400 facit
1165 1358 1237 1401 curn
1255 1336 1436 1419 ,interprete
1456 1336 1620 1418 Armenia,
1644 1336 1698 1402 cfr.
1717 1342 1811 1402 notas
1840 1339 1879 1402 ad
1900 1362 1926 1402 5.
1945 1339 2024 1404 Abr.
2043 1341 2117 1423 578,
2146 1340 2238 1423 1282,

271 1442 371 1524 1565,
392 1443 492 1526 1720,
517 1444 614 1525 1808,
641 1444 725 1507 1944
741 1444 829 1507 51155.
875 1443 1000 1509 Deinde
1021 1444 1105 1528 quod
1121 1443 1161 1508 ad
1177 1466 1204 1507 a.
1219 1443 1297 1508 Abr.
1320 1445 1383 1509 981
1401 1443 1555 1507 adscribit
1570 1440 1699 1527 (Samos
1720 1445 1795 1509 urbs
1811 1444 1942 1510 condita
1955 1448 2033 1529 est),
2053 1447 2237 1531 neglectum

269 1550 310 1613 ab
334 1548 549 1632 Hieronymo,
576 1549 617 1613 ad
645 1550 779 1613 eundem
809 1572 929 1615 annum
959 1550 1103 1615 referunt
1126 1550 1285 1631 Armenii,
1314 1550 1469 1634 itemque,
1498 1572 1579 1634 quae
1602 1549 1637 1613 in
1660 1551 1853 1615 Tochatensi
1877 1553 1947 1617 solo
1971 1553 2122 1617 videntur
2145 1552 2185 1615 ad
2209 1575 2237 1616 5.

269 1657 348 1722 Abr.
365 1656 450 1721 1260
465 1655 503 1720 05
519 1654 684 1720 Selinunte
703 1661 736 1721 et
751 1656 866 1722 Zancle
885 1658 1019 1721 urbibus
1043 1656 1181 1722 conditis
1205 1655 1334 1740 scripta,
1356 1656 1467 1720 eadem
1487 1656 1527 1720 ad
1546 1656 1682 1720 eundem
1701 1679 1821 1721 annum
1841 1662 2014 1723 narrantur
2033 1682 2052 1723 5
2071 1658 2235 1742 Dionysio.

269 1761 332 1828 Sed
356 1763 457 1827 multo
483 1763 610 1846 saepius
634 1763 673 1826 de
697 1786 783 1828 anno
807 1764 976 1828 consensio
1000 1763 1084 1828 inter
1106 1762 1338 1846 Hieronymum
1361 1767 1394 1827 51
1413 1761 1538 1845 Syrium
1563 1752 1779 1847 interpretem
1796 1765 1905 1829 existit
1924 1765 2079 1831 Armenio
2102 1771 2237 1846 errante,

268 1869 324 1933 515.
349 1891 423 1935 555.
448 1869 486 1933 50
512 1893 539 1933 5.
564 1869 641 1933 Abr.
669 1871 762 1954 1410,
788 1870 882 1954 1569,
908 1871 1003 1951 1583,
1029 1869 1123 1953 1755,
1150 1870 1232 1935 1871
1259 1872 1317 1934 515.
1363 1869 1428 1934 Ubi
1452 1891 1527 1934 vero
1548 1868 1647 1953 Syrus
1672 1875 1704 1934 et
1727 1872 1768 1934 ab
1792 1870 1947 1935 Armenia
1972 1873 2117 1936 versione
2141 1878 2173 1936 et
2196 1874 2237 1937 ab

269 1976 468 2061 Hieronymo
492 1974 693 2041 Schoeniano
717 1978 847 2061 recedit,
878 1978 1007 2041 easdem
1032 1977 1159 2061 saepius
1185 1982 1367 2061 temporum
1390 1979 1485 2040 55155
1508 1977 1652 2061 praebet,
1676 2000 1755 2060 quas
1779 1977 1969 2062 Hieronymi
1998 1978 2122 2044 codices
2146 2002 2237 2062 prae-

268 2084 470 2148 stantissimi.
514 2081 645 2148 Habeas
669 2084 824 2164 exempla.

2040 2189 2129 2242 eidem
2150 2206 2222 2243 anno

2079 2262 2184 2314 1551551

2045 2330 2218 2385 adscribunt:

1028 2188 1118 2242 eidem
1137 2204 1210 2242 anuo

1067 2258 1173 2312 facturn

1033 2329 1207 2385 adscribunt:

272 2423 365 2487 1363.
403 2422 498 2486 urbes
517 2423 714 2505 Lampsacus
734 2426 766 2485 51
784 2421 916 2486 Abdera
939 2443 1012 2486 con-

402 2529 487 2593 ditae
511 2535 595 2594 sunt.

272 2743 366 2807 1358.
403 2740 595 2826 Byzantium
620 2743 697 2807 urbs
721 2741 852 2807 condita
875 2745 934 2808 est.
1056 2739 1183 2805 AMPF.

272 2849 367 2912 1360.
403 2848 480 2911 urbs
496 2847 634 2912 Asturae
648 2849 682 2912 in
693 2848 799 2913 Ponto
814 2848 943 2912 condita
957 2853 1015 2913 est.
1059 2847 1187 2912 APHM.

273 2955 366 3019 1370.
403 2954 624 3038 Borysthenes
655 2955 730 3019 urbs
754 2956 788 3019 in
811 2954 913 3021 Ponto
938 2976 1012 3020 con-

403 3060 471 3124 dita
494 3065 553 3127 551.

272 3169 366 3234 1520.
406 3168 608 3252 Pythagoras
632 3169 776 3233 moritur.

1057 3060 1185 3125 APRM.

1060 3167 1182 3232 APRl'.

292 3420 367 3484 514.
405 3418 504 3484 Creta
515 3419 704 3485 conditaest
715 3419 941 3484 etibideurrex
952 3418 1015 3483 fuit

404 3529 542 3610 Apteros
566 3528 622 3611 qui
645 3528 715 3611 1555
740 3548 810 3591 eam
835 3526 986 3591 condidit.

291 3634 366 3698 900.
402 3633 457 3698 Eli
477 3633 625 3698 sacerdos
645 3638 790 3697 mortuus
811 3637 869 3716 est,
888 3633 1013 3698 eodem·

405 3762 466 3823 quc
496 3762 581 3804 anno
610 3740 776 3829 Philistini
804 3740 889 3805 filios
913 3739 1014 3804 lsrael

403 3847 646 3912 trucidaverunt
663 3851 695 3911 et
710 3869 817 3912 arcam
832 3846 892 3911 Dei
906 3868 1012 3911 secum

404 3955 614 4019 abstulerunt.

274 4063 369 4128 1282.
405 4058 562 4125 Sanherib
600 4060 746 4126 ascendit
783 4065 896 4126 contra
927 4061 1013 4125 Ieru-

406 4169 507 4233 salem
544 4173 576 4232 et
608 4166 732 4233 051555
769 4172 802 4231 51
835 4167 1013 4252 Syracusae

405 4274 553 4338 conditae
594 4279 672 4338 sunt
713 4273 886 4359 eodemque
928 4295 1013 4337 5555

1072 3525 1174 3591 FRM.

1077 3952 1168 4019 RPF.

1043 2526 1201 2592 AMPRl.

1354 2478 1362 2498 ,
1413 2419 1658 2486 Lacedaemonii
1669 2420 1852 2485 Messanam
1865 2443 2024 2507 expugna·

1413 2530 1537 2592 verunt.

1284 2633 1377 2697 1419.
1415 2634 1491 2697 urbs
1515 2631 1669 2697 Massalia
1693 2634 1824 2697 condita
1847 2638 1905 2697 est.

1283 2740 1377 2804 1708.
1416 2737 1541 2823 Cyprus
1565 2763 1584 2803 a
1603 2740 1788 2804 Ptolemaeo
1811 2741 1947 2804 subacta
1966 2746 2023 2806 est.

1283 2846 1377 2910 1708.
1414 2845 1601 2911 Theodorus
1626 2847 1681 2910 ille
1706 2846 1821 2910 atheus
1846 2847 1963 2910 floruit.

1303 3095 1377 3161 528.
1412 3094 1570 3178 Epaphus
1612 3096 1697 3159 filius
1739 3095 1827 3159 louis
1870 3100 1902 3159 51
1937 3095 2023 3159 15515

1414 3201 1580 3285 Memphin
1599 3202 1750 3284 condidit,
1774 3226 1845 3267 cunr
1866 3209 1950 3268 55551
1969 3226 2024 3267 rex

1414 3311 1580 3394 utriusque
1602 3303 1752 3393 Aegypti.

1303 3417 1377 3482 540.
1415 3415 1586 3481 05505555
1610 3416 1753 3480 condidit
1776 3415 1985 3481 Dardaniam.

1303 3524 1377 3589 592.
1415 3523 1561 3588 55501155
1604 3528 1680 3586 5551
1720 3524 1813 3586 urbes
1851 3522 1955 3589 Melos
1993 3528 2025 3587 51

1413 3629 1542 3712 Paphos
1567 3633 1599 3693 et
1622 3628 1748 3692 Thasos
1773 3634 1805 3691 51
1828 3628 1976 3693 Κ5111515.

1283 3738 1376 3803 1310.
1413 3735 1578 3800 Parthenii
1607 3735 1819 3799 condiderunt
1848 3735 2023 3799 Tarentum

1413 3848 1446 3906 et
1486 3839 1647 3907 Corinthii
1695 3842 1906 3906 condiderunt
1947 3840 2024 3905 Cor-

1413 3971 1533 4033 cyram.

1282 4057 1377 4123 1642.
1414 4055 1508 4120 Plato
1537 4059 1570 4119 et
1596 4053 1778 4138 Xenophon
1808 4058 1841 4117 et
1863 4053 2022 4118 Isocrates

1414 4161 1525 4226 rhetor
1547 4162 1733 4225 floruerunt.

1284 4270 1378 4335 1665.
1416 4270 1586 4354 Aegyptus
1598 4268 1638 4331 ab
1646 4266 1734 4332 Ocho
1745 4287 1819 4350 rege
1831 4267 1964 4331 subacta
1970 4271 2026 4330 est.

2083 2527 2183 2593 APM.

2082 2633 2178 2698 hlPF.

2084 2740 2179 2806 APlt.

2083 2846 2179 2912 PFM.

2096 3361 2170 3481 AR..

2097 3629 2166 3693 PM.

2100 3947 2164 4012 RP.

2096 4160 2165 4225 PM.

2117 4265 2150 4329 F.

432 4489 523 4566 Quod
553 4491 580 4554 51
609 4489 714 4554 555515
738 4487 871 4572 Syriaca
899 4488 938 4552 ad
967 4510 994 4552 a.
1018 4488 1096 4552 Abr.
1120 4487 1182 4551 237
1212 4507 1285 4550 cunr
1308 4483 1333 4546 P
1361 4489 1394 4548 et
1418 4483 1458 4548 ad
1483 4506 1510 4549 a.
1536 4483 1613 4545 Abr.
1637 4481 1702 4545 502
1726 4502 1799 4545 curn
1822 4480 1851 4542 a
1875 4480 1945 4544 5515
1968 4479 2144 4560 555555111,
2173 4478 2235 4542 hoc

270 4618 348 4661 casu
371 4597 517 4661 evenisse
541 4596 700 4682 quispiam
724 4596 819 4660 dicat.
864 4593 1098 4658 Verumtamen
1121 4593 1248 4676 saepias
1267 4589 1535 4655 Middlehillensis
1555 4593 1588 4652 51
1608 4586 1783 4670 Dionysius
1803 4587 1940 4650 eundern
1960 4590 2093 4669 5155555
2114 4607 2233 4649 annum

272 4703 441 4787 praebent,
469 4703 525 4767 cfr.
549 4703 589 4766 ad
614 4726 641 4767 5.
664 4704 743 4767 Abr.
768 4703 846 4783 731,
876 4701 974 4783 1030,
1002 4702 1100 4781 1746,
1125 4700 1219 4779 1824,
1245 4699 1340 4764 1826.
1386 4696 1531 4781 0551555
1555 4694 1769 4758 Freherianus
1793 4693 1959 4774 conspirat
1981 4714 2053 4756 curn
2078 4691 2234 4775 Dionysio

272 4811 305 4874 in
333 4809 521 4874 definiendis
550 4811 644 4873 annis
673 4808 750 4872 Abr.
775 4809 853 4890 611,
877 4808 955 4889 965,
979 4808 1059 4887 968,
1083 4807 1158 4888 971,
1185 4807 1283 4888 1304,
1310 4804 1402 4869 1591.
1449 4802 1520 4879 055
1549 4824 1587 4866 ex
1617 4823 1650 4865 re
1683 4799 1793 4884 paullo
1823 4800 1978 4864 maiorem
2009 4799 2117 4862 eximii
2145 4798 2234 4862 illius

271 4918 389 4982 codicis
419 4919 647 4983 auctoritatem
677 4937 747 4980 esse
774 4916 922 5000 colligas,
951 4937 1047 4999 quam
1074 4914 1143 4978 5511
1170 4914 1219 4977 515
1247 4913 1361 4977 harum
1388 4932 1495 4974 rerum
1523 4908 1739 4994 peritissimus
1764 4905 1915 4969 Alfredus
1940 4906 1978 4968 de
2002 4903 2234 4988 Gutschmid.¹)

272 5025 379 5108 Atque
407 5025 487 5089 haec
515 5023 644 5109 quidem
674 5023 712 5087 de
735 5021 892 5101 Eusebio,
921 5042 1006 5084 nuno
1034 5020 1256 5103 explicandum
1286 5022 1349 5102 est,
1376 5017 1492 5100 quibus
1516 5018 1684 5099 praeterea
1708 5011 1886 5096 Dionysius
1911 5012 2057 5076 fontibus
2080 5032 2156 5074 usus
2182 5010 2235 5075 511.

271 5131 415 5207 Quorum
440 5153 515 5215 5555
539 5131 653 5196 ceteris
678 5126 950 5193 commemorandi
974 5134 1051 5191 sunt
1073 5126 1121 5190 hi:

431 5255 462 5340 l)
488 5255 576 5332 Quae
605 5254 644 5318 ad
671 5252 840 5318 historiam
864 5273 989 5316 sacram
1013 5255 1175 5334 spectant,
1203 5272 1284 5335 quae
1308 5252 1383 5314 sunt
1406 5247 1576 5333 permulta,
1599 5269 1646 5327 55,
1670 5245 1822 5329 quoniam
1845 5244 1879 5306 in
1905 5241 2063 5308 Chronico
2088 5242 2237 5308 Paschali

271 5362 489 5442 inveniuntur,
512 5358 689 5443 Dionysius
713 5364 745 5424 et
768 5357 919 5424 Chronioi
944 5361 1056 5422 auctor
1079 5379 1117 5420 ex
1141 5378 1205 5422 uno
1228 5357 1318 5421 fonte
1342 5355 1490 5419 hausisse
1513 5351 1649 5437 putandi
1673 5355 1758 5415 5551.

344 5631 370 5697 1)
388 5625 561 5682 Fleckeiseni
585 5624 677 5681 annal.
697 5623 769 5679 Xlll.
791 5629 858 5678 1867
878 5641 924 5693 pp.
944 5627 1004 5677 680.
