4934 6526
1200 465 1419 531 ..52-

609 659 781 743 Dionysius
1122 668 1148 714 ⁸·
1167 653 1278 714 ffimfl·
1334 672 1359 716 θ·
1378 673 1452 716 vers·
1467 659 1543 716 Arm·
1852 662 2008 728 Eusebius

322 787 509 853 missionem
542 807 600 870 pro
633 784 753 868 populo
787 782 971 866 quaerebat.
1020 781 1066 846 Et
1571 788 1739 851 κυνοῦντα
1766 789 1811 876 τῷ
1838 788 1908 875 θεῷ
1936 781 1975 850 τὰ
2002 784 2130 868 γόνατα
2157 782 2212 849 καὶ
2241 787 2288 848 αι’-

321 899 454 980 propter
473 891 705 959 abundantiam
723 888 868 954 iustitiae
883 911 958 953 suae
974 910 1065 954 uoca-
1571 898 1701 957 τεῖσθαι
1725 888 1845 975 ἄφεσιν
1868 894 1913 981 τῷ
1938 893 2016 981 λαῷ.
2050 893 2078 957 7.
2098 886 2153 955 διά
2180 890 2219 973 γε’
2238 915 2288 955 τοι

321 1003 418 1067 hatur
440 1002 543 1066 iustus
567 1003 601 1063 et
623 1018 734 1062 murus
756 992 902 1082 populi¹)
924 1000 956 1060 et
974 995 1063 1059 iusti·
1571 995 1633 1081 τὴν
1656 993 1845 1082 ὑπερβολὴν
1868 1001 1925 1081 τῆς
1949 994 2166 1080 δικαιοσύνης
2184 992 2289 1062 αύτοῦ

321 1109 400 1172 tiam
434 1108 464 1172 ei
492 1105 584 1192 quasi
611 1104 802 1187 profeticam
833 1101 1064 1168 attribuebant.
1572 1105 1716 1169 iactatio
1747 1106 1873 1181 δίκαιος
1903 1102 1957 1168 καὶ
1984 1099 2122 1188 άβλίας,
2152 1099 2171 1168 ό
2199 1103 2289 1168 ἐστιν

321 1214 459 1292 Quidam
483 1235 557 1279 vero
582 1235 598 1277 e
619 1215 741 1297 septem
761 1210 959 1293 haeresibus,
983 1231 1064 1293 quae
1566 1205 1753 1293 Ἑλληνιστὶ
1773 1206 1908 1296 περιοχὴ
1922 1211 1983 1275 τοῦ
1998 1209 2082 1275 λαοῦ
2096 1208 2150 1274 καὶ
2166 1212 2288 1275 δικαιο-

320 1321 404 1404 apud
432 1320 568 1385 Iudaeos
598 1323 703 1402 erant,
735 1318 932 1401 quaerebant
959 1339 997 1380 ex
1026 1338 1062 1380 eo
1571 1312 1671 1400 σύνη,
1703 1312 1747 1393 ὡς
1779 1317 1814 1381 oi
1843 1317 2010 1400 προφῆται
2042 1317 2182 1399 δηλοῦσι
2215 1314 2289 1400 περὶ

320 1448 478 1512 quaenam
498 1430 583 1492 esset
598 1431 694 1510 porta
708 1425 789 1489 Iesu.
826 1421 888 1487 Hic
904 1445 977 1486 vero
997 1423 1062 1486 illis
1570 1419 1684 1488 αὐτοῦ.
1714 1425 1742 1488 8.
1756 1420 1843 1500 τινὲς
1863 1412 1926 1487 οὖν
1944 1424 2011 1488 των
2031 1419 2109 1488 ἑπτὰ
2128 1421 2288 1507 αἱρέσεων

319 1534 496 1618 respondit:
526 1555 598 1597 eum
627 1552 695 1596 esse
723 1531 927 1595 salvatorem.
973 1527 1062 1593 Non·
1569 1529 1636 1594 τῶν
1661 1529 1765 1618 ἐντῷ
1789 1531 1872 1618 λαῷ,
1895 1531 1962 1594 τῶν
1985 1527 2288 1615 προγεγραμμένων

319 1642 400 1706 nulli
432 1662 507 1705 vero
537 1661 574 1703 ex
602 1639 666 1703 illis
695 1637 828 1701 credunt
854 1636 963 1700 Iesum
993 1657 1061 1700 esse
1570 1659 1626 1718 μοι
1646 1635 1683 1700 ἐν
1701 1646 1770 1711 τοῖς
1788 1630 2034 1719 ὑπομνήμασιν,
2054 1633 2287 1701 ἐπυνθάνοντο

320 1745 498 1830 Christum3
517 1747 578 1811 hae
598 1766 672 1809 uero
691 1744 850 1826 haereses,
868 1764 948 1827 quas
967 1746 1061 1806 antea
1571 1735 1689 1823 αὐτοῦ,
1722 1745 1770 1818 τίς
1802 1737 1823 1825 ἡ
1855 1742 1948 1826 θύρα
1979 1744 2040 1807 τοῦ
2069 1739 2192 1826 Ἰησοῦ.Ι
2232 1742 2287 1808 καὶ

319 1854 578 1937 memoravimus,
600 1874 665 1916 non
689 1850 763 1937 (ita)
788 1850 935 1932 credunt,
958 1871 1060 1933 neque
1571 1850 1660 1929 ἔλεγε
1683 1849 1805 1912 τοῦτον
1829 1843 1915 1913 εἶναι
1939 1845 1998 1913 τὸν
2022 1852 2164 1933 σωτῆρα.
2202 1851 2231 1916 9.
2254 1850 2287 1927 ἐξ

319 1960 417 2024 etiam
441 1958 505 2045 (illi
530 1955 687 2045 credunt),
716 1981 787 2022 eum
812 1980 831 2021 a
854 1956 988 2020 mortuis
1011 1976 1061 2018 re·
1571 1943 1619 2019 niv
1638 1978 1725 2032 τινες
1749 1955 1959 2036 ἐπίστευσαν,
1984 1951 2034 2020 ότι
2050 1951 2179 2040 Ἰησοῦς
2197 1956 2287 2022 ἐστιν

318 2067 494 2131 surrexisse
530 2089 635 2151 neque
672 2087 744 2129 eum
777 2066 948 2126 venturum
982 2083 1060 2144 esse,
1571 2056 1759 2145 ὁΧριστός.
1795 2061 1833 2124 ci
1854 2058 1891 2125 rib
1914 2061 2056 2145 αίρὲσεις
2080 2063 2116 2127 αι’
2136 2086 2287 2147 προειρη-

317 2177 354 2237 ut
390 2172 503 2258 cuique
541 2171 713 2237 secundum
755 2192 852 2255 opera
889 2169 1058 2233 retribuat.
1569 2167 1665 2251 μέναι
1699 2162 1759 2231 οῦκ
1793 2168 1964 2233 ἐπίστευον
1997 2165 2073 2233 ούτε
2103 2165 2287 2236 ἀνάστασιν

316 2277 369 2342 ilii
389 2301 464 2343 uero
484 2280 538 2363 qui
557 2277 738 2360 credebant,
758 2279 891 2359 propter
904 2274 1059 2340 Iacobum
1570 2270 1646 2339 ούτε
1666 2271 1847 2358 ἐρχόμενον
1862 2268 2049 2339 άποδοῦναι
2064 2272 2190 2365 ἑκάστῳ
2205 2273 2287 2341 κατὰ

316 2383 378 2448 hoc
418 2386 599 2450 credebant.
659 2384 764 2461 Quum
801 2403 876 2446 vero
913 2382 1008 2445 multi
1043 2403 1060 2444 e
1568 2376 1607 2445 τά
1623 2384 1702 2466 ἔργα
1722 2376 1835 2446 αύτοῦ.
1869 2375 1942 2446 ὅσοι
1959 2379 2064 2447 δὲκαὶ
2080 2382 2287 2464 ἐπίστευσαν,

316 2491 428 2575 populi
459 2492 659 2576 principibus
692 2489 869 2571 crederent‚·
900 2489 1059 2552 tumuitus
1569 2482 1624 2552 διά
1642 2482 1810 2570 Ἰάκωβον.
1842 2490 1890 2553 10.
1909 2491 2042 2554 πολλῶν
2062 2479 2125 2554 οῦν
2145 2487 2200 2554 καὶ
2219 2492 2287 2555 τῶν

317 2596 508 2662 Iudaeorum
526 2601 558 2663 et
572 2598 751 2663 scribarum
766 2600 798 2661 et
811 2595 1059 2659 Pharisaeorum

315 2701 460 2788 (exortus
470 2701 533 2792 est)
543 2709 575 2770 et
584 2704 884 2768 dicebant20mnem
892 2702 1058 2785 populum,

315 2813 352 2873 nt
369 2809 476 2873 Iesum
495 2808 658 2874 Christum
678 2811 885 2893 exspectaret,
909 2810 1057 2872 coactum

313 2916 362 2980 iri.
393 2915 439 2980 Et
459 2919 687 2981 concurrerunt
707 2920 739 2980 et
752 2915 871 2980 Iacobo
891 2914 1055 2978 dixerunt:

315 3022 454 3106 petimus
492 3023 548 3087 abs
586 3027 618 3087 te
650 3027 687 3087 ut
718 3022 874 3106 populum
905 3021 1056 3103 retineas,

315 3128 371 3213 qui
385 3129 547 3194 aberravit
561 3128 600 3193 ad
616 3128 721 3194 Iesum
736 3129 827 3214 quasi
843 3130 887 3191 sit
898 3125 1056 3191 Christus.
1312 3174 1314 3192 .

314 3233 457 3300 Petimus
495 3237 553 3300 abs
589 3241 634 3319 te,
671 3240 707 3300 ut
739 3236 776 3300 de
809 3234 881 3298 iesu
915 3234 1056 3298 omniurn
1310 3204 1315 3272 i

314 3343 442 3407 illorum
471 3343 595 3408 animos
624 3342 727 3426 sedes,
755 3342 809 3426 qui
837 3342 1057 3406 veneruntad

314 3449 422 3513 diem*
449 3450 596 3533 paschae.
647 3448 720 3512 Tibi
749 3448 833 3512 enim
862 3470 973 3513 omnes
1002 3449 1055 3513 ob·

313 3557 552 3639 temperabunt,
589 3578 665 3619 nam
698 3555 758 3619 tibi
791 3577 850 3619 nos
884 3560 916 3618 et
948 3556 1053 3619 omnis

314 3663 452 3745 populus
475 3666 641 3747 testamur,
664 3665 696 3725 te
720 3683 789 3726 esse
815 3663 935 3725 iustum
953 3683 1056 3747 neque

313 3773 345 3833 te
382 3769 547 3833 hominum
579 3791 751 3855 personam
787 3769 953 3851 respicere.
1008 3767 1056 3831 Tu

1568 2588 1742 2679 ἀρχόντων
1756 2590 1982 2660 πιστευόντων
1997 2584 2040 2678 ἦν
2053 2592 2204 2680 θόρυβος
2219 2598 2288 2662 τῶν

1565 2695 1740 2766 Ἰουδαίων
1772 2699 1827 2765 καὶ
1855 2701 2073 2786 γραμματίων
2101 2700 2155 2766 καὶ
2186 2707 2287 2784 Φαρι-

1568 2811 1673 2873 σαίων
1697 2805 1874 2891 λεγόντων,
1901 2804 1951 2874 ότι
1969 2806 2158 2874 κινδυνεύει
2183 2811 2245 2886 πᾶς
2269 2803 2286 2874 ὁ

1566 2911 1647 2991 λαός
1671 2910 1803 2997 Ἰησοῦν
1831 2911 1890 2979 τόν
1916 2912 2061 3000 Χριστόν
2084 2918 2286 3002 προσδοκᾶν.

1567 3024 1682 3103 ἔλεγον
1710 3011 1773 3085 οῦν
1803 3019 2024 3098 συνελθόντες
2052 3023 2097 3112 τῷ
2128 3017 2286 3112 Ἰακώβῳ·

1566 3126 1824 3213 παρακαλοῦμίν
1857 3145 1908 3210 σε,
1942 3128 2069 3211 ἐπίσχες
2098 3125 2158 3194 τόν
2191 3127 2287 3211 λαόν,

1567 3233 1636 3299 ἐπεὶ
1665 3232 1837 3319 ἐπλανήθη
1866 3237 1911 3313 είς
1932 3229 2078 3319 Ἰησοῦν,
2108 3232 2153 3314 ὡς
2181 3231 2286 3302 αύτοῦ

1568 3337 1665 3418 όντος
1687 3344 1747 3407 τοῦ
1777 3343 1931 3425 Χριστοῦ.
1968 3342 2225 3426 παρακαλοῦμεν
2249 3360 2285 3408 σε

1566 3460 1676 3513 πεῖσαι
1704 3446 1830 3525 πάντας
1858 3444 1937 3525 τοῦς
1961 3444 2123 3525 ἐλθόντας
2151 3451 2198 3526 είς
2224 3445 2286 3533 τὴν

1566 3549 1693 3639 ἡμέραν
1725 3556 1786 3620 τοῦ
1818 3552 1927 3639 πάσχα
1959 3554 2033 3637 περὶ
2063 3551 2183 3639 Ἰησοῦ.
2233 3554 2286 3621 σοὶ

1565 3656 1628 3745 γάρ
1647 3659 1767 3738 πάντες
1786 3657 1982 3744 πειθόμεθα.
2012 3657 2105 3746 ἡμεῖς
2122 3661 2185 3746 γάρ
2205 3687 2285 3747 μαρ-

1565 3767 1731 3851 τυροῦμέν
1756 3785 1808 3832 σοι
1831 3766 1886 3831 καὶ
1910 3769 1973 3843 πᾶς
1997 3763 2015 3833 ό
2039 3764 2133 3849 λαός,
2163 3763 2214 3833 ότι
2238 3771 2285 3832 δί·

314 3896 391 3961 ergo
423 3875 507 3940 hanc
539 3876 726 3941 concionem
756 3875 916 3962 placabis,
948 3897 988 3940 ne
1017 3875 1055 3938 de
1564 3899 1657 3952 καιος
1686 3869 1792 3938 εἶκαὶ
1817 3869 1866 3938 ότι
1890 3871 2070 3959 πρόσωπον
2095 3869 2137 3939 ού
2160 3871 2285 3958 λαμβά-

313 3981 387 4046 lesu
415 3983 574 4047 aberrent.
618 3983 704 4047 Nam
734 3984 839 4047 omnis
864 3983 1000 4067 populus
1024 3987 1057 4046 et

312 4109 371 4153 nos
400 4089 658 4173 obtemperamus
688 4090 757 4153 tihi.
807 4090 857 4153 Ita
889 4090 990 4173 igitur
1021 4090 1055 4152 in

312 4195 426 4278 templi
439 4199 525 4259 tecto
540 4197 709 4277 consistas,
726 4199 762 4259 ut
776 4217 793 4259 e
808 4195 970 4278 superiore
984 4196 1054 4259 loco

313 4301 455 4385 conspici
482 4302 589 4386 possis
618 4305 650 4365 et
678 4301 786 4365 omnia
808 4301 907 4364 verba
935 4306 991 4364 tua
1015 4303 1054 4365 ab

313 4408 399 4473 omni
435 4408 554 4493 populo
592 4408 736 4473 exaudiri
773 4407 909 4493 possint.
969 4407 1055 4472 Nam

311 4521 445 4599 propter
471 4515 592 4599 paseha
616 4537 726 4579 omnes
751 4516 868 4598 stirpes
893 4513 1054 4599 (Israelis)

311 4643 383 4685 eum
428 4622 578 4707 gentibus
619 4619 786 4709 (ethnicis)
829 4626 1054 4687 convenerunt.

311 4728 356 4791 Et
391 4727 569 4793 eduxerunt
606 4750 678 4792 eum
715 4731 750 4793 in
785 4733 906 4793 tectum
939 4729 1054 4812 templi

312 4836 435 4900 scribae
464 4839 496 4899 et
518 4834 692 4919 pharisaei:
721 4839 755 4898 et
776 4834 998 4898 clamaverunt
1022 4839 1055 4899 et

313 4942 460 5006 dixerunt
493 4942 534 5006 ei:
566 4941 661 5023 iuste,
694 4941 755 5005 tibi
787 4962 898 5004 omnes
931 4941 1052 5004 obtem-

313 5069 474 5132 peramus,
493 5070 568 5112 nam
589 5048 725 5132 populus
745 5047 873 5111 aberrat
891 5046 930 5110 ad
946 5046 1051 5111 Iesum

313 5154 366 5238 qui
398 5156 483 5220 cruci
512 5155 627 5218 affixus
656 5158 716 5237 est,
754 5154 804 5218 dic
837 5155 930 5218 nobis
959 5175 1053 5238 quae·

313 5282 388 5325 nam
412 5262 454 5324 sit
474 5265 569 5345 porta
587 5260 682 5325 lesu?
728 5259 772 5325 Et
790 5261 957 5344 respondit
975 5282 1052 5325 voce

313 5389 430 5453 magna
462 5371 495 5431 et
521 5367 614 5432 dixit:
647 5367 722 5452 quid
752 5368 905 5451 quaeritis
934 5389 972 5431 ex
1000 5358 1067 5448 mei

1563 4082 1672 4171 Ἰησοῦ
1701 4083 1745 4172 μὴ
1774 4089 1976 4153 πλανᾶσθαι.
2012 4085 2154 4174 satyrico
2178 4091 2241 4166 πᾶς
2265 4084 2282 4154 ό

1565 4191 1644 4271 λαὸς
1666 4192 1721 4259 καὶ
1740 4190 1861 4271 πάντες
1880 4191 2068 4278 πειθόμεθά
2088 4213 2150 4260 σοι.
2183 4197 2283 4279 στῆθι

1566 4291 1628 4367 οῦν
1657 4299 1708 4366 ἐπὶ
1735 4297 1773 4366 τό
1802 4299 1981 4383 πτερύγιον
2006 4303 2066 4365 τοῦ
2092 4303 2199 4385 ίεροῦ,
2228 4302 2285 4366 ἵνα

1565 4405 1700 4473 ἄνωθεν
1728 4396 1767 4492 ᾗς
1792 4405 1953 4491 ἐπιφανὴς
1976 4405 2031 4471 καὶ
2053 4396 2074 4493 ᾖ
2099 4402 2284 4473 εύάκουστά

1566 4530 1628 4579 σου
1645 4509 1684 4578 τά
1705 4511 1833 4597 ῥήματα
1852 4511 1950 4578 παντὶ
1969 4516 2014 4603 τῷ
2034 4516 2111 4604 λαῷ.
2145 4510 2200 4579 διὰ
2220 4512 2284 4599 γὰρ

1564 4618 1601 4685 τὸ
1617 4617 1725 4704 πάσχα
1741 4618 1990 4704 συνεληλύθασι
2005 4623 2108 4686 πᾶσαι
2127 4623 2164 4686 αἱ
2180 4620 2283 4705 (γνλαὶ

1564 4723 1643 4811 μετὰ
1658 4725 1713 4791 καὶ
1728 4735 1796 4790 τῶν
1811 4726 1932 4792 ἐθνῶν.
1955 4730 2003 4792 12.
2015 4730 2157 4812 ἔστησαν
2172 4719 2235 4794 οῦν
2250 4729 2286 4792 oi

1563 4831 1797 4918 προειρημένοι
1816 4845 2016 4918 γραμματεῖς
2032 4833 2087 4899 καὶ
2104 4841 2283 4921 Φαρισαῖοι

1564 4937 1625 5005 τὸν
1636 4936 1796 5023 ’Ἰάκωβον
1811 4939 1862 5005 ἐπὶ
1877 4926 1914 5006 τό
1928 4938 2107 5023 πτερύγιον
2117 4944 2177 5008 τοῦ
2187 4951 2282 5024 ναοῦ,

1564 5045 1619 5112 καὶ
1643 5047 1783 5130 ἔκραξαν
1805 5042 1894 5135 αύτῷ
1913 5045 1967 5111 καὶ
1988 5043 2094 5128 εἶπαν,
2119 5050 2236 5129 δίκαιε,
2256 5038 2283 5138 ᾦ

1564 5150 1685 5229 πάντες
1716 5155 1895 5218 πείθεσθαι
1929 5148 2123 5238 ὀφείλομεν,
2162 5154 2230 5221 ἐπεὶ
2264 5150 2282 5220 ό

1551 5257 1645 5345 ,λαὸς
1667 5261 1831 5326 πλανᾶται
1856 5255 1960 5325 ὀπίσω
1977 5254 2086 5344 Ἰησοῦ
2105 5262 2166 5326 τοῦ
2185 5279 2283 5328 σταυ-

1550 5356 1744 5455 Ῑρωθέντος,
1764 5363 1966 5450 ἀπάγγειλον
1984 5362 2064 5452 ἡμῖν
2082 5371 2131 5445 τίς
2149 5363 2170 5452 ἡ
2189 5369 2281 5453 θύρα

1064 5328 1067 5349 i

383 5579 409 5647 1)
427 5577 493 5646 ina
511 5579 595 5642 aim

1565 4006 1641 4058 νεις.
1677 3984 1726 4047 11.
1744 3992 1860 4045 πεῖσον
1884 3970 1947 4046 οῦν
1967 3976 2009 4046 σῦ
2027 3977 2088 4046 τὸν
2107 3976 2190 4046 λαὸν
2209 3979 2284 4066 περὶ
2383 3990 2388 3999 ’
